1708 2956
755 125 1004 161 ...m-

214 231 303 286 que
323 233 466 282 dicam;
492 234 530 272 in
549 232 621 283 quo
638 232 864 282 complectar
882 231 992 271 etiam
1011 242 1106 282 quae
1124 230 1185 271 alii
1202 229 1443 281 expedierunt
1470 239 1545 268 non

215 302 296 340 sine
320 300 461 349 fructu,
501 305 540 338 ut
565 304 674 350 puto,
715 300 888 348 quoniam
921 300 1099 348 exemplis
1139 300 1309 337 omnibus
1342 309 1416 335 uno
1452 308 1548 335 con-

216 371 343 416 spectu
369 368 568 417 propositis
605 369 709 405 recte
742 366 887 405 demum
923 366 1009 415 quid
1056 366 1094 403 in
1122 365 1179 403 his
1213 364 1323 403 rebus
1351 364 1471 409 Ennio
1499 363 1547 401 li-

215 435 354 482 cuerit,
384 435 472 484 quid
505 445 581 471 non
610 428 1014 483 licueritperspicitur.

336 502 457 550 Atque
494 500 633 538 hiatum
661 504 701 537 ut
738 499 826 537 hinc
865 499 1042 538 exordiar
1068 498 1207 536 Ennius
1247 509 1333 536 raro
1371 497 1441 535 sibi
1479 508 1549 535 nec

225 567 297 605 nisi
326 568 438 606 certis
466 566 751 604 condicionibus
787 566 948 604 indulsit.
1005 565 1115 603 Cuius
1152 576 1262 602 unum
1297 564 1500 612 exemplum
1529 576 1549 601 a

217 634 399 672 Cicerone
425 633 464 670 in
491 632 649 671 Oratore
662 633 726 681 45,
750 634 830 671 152.
858 632 1030 671 traditum
1068 630 1194 679 Scipio
1223 630 1369 677 invicte,
1401 630 1438 667 in
1476 640 1549 678 quo

217 711 298 739 cum
326 701 425 738 hiatu
450 699 573 737 ultima
605 700 768 738 creticae
797 700 902 738 vocis
923 699 1064 749 syllaba
1092 702 1262 747 correpta
1298 701 1354 736 est
1385 697 1550 746 legitime

219 780 300 806 cum
312 767 537 806 Ritschelius
548 767 669 817 tetigit
691 767 727 804 in
740 767 884 819 Proleg.
902 767 959 805 ad.
973 767 1085 805 Plauti
1100 767 1297 804 Trinumm.
1313 777 1346 814 p.
1362 764 1548 803 CXCVlll.

218 837 292 871 tum
310 833 566 871 Lachmannus
584 834 630 871 ad
653 834 814 871 Lucretii
839 833 972 871 librum
984 833 1044 881 Vl,
1069 833 1153 871 743.
1183 832 1380 880 disputavit
1406 835 1442 869 et
1468 842 1548 868 cum

217 900 396 938 similibus
423 900 586 938 Lucretii
611 900 839 949 aliorumque
865 900 1083 948 composuit.

336 966 502 1005 Alterum
529 967 734 1016 exemplum
757 966 875 1005 simile
890 966 927 1004 in
944 966 1108 1003 editione
1123 965 1307 1014 Lipsiensi
1327 968 1471 1013 extatp.
1485 965 1547 1003 82.

213 1033 292 1071 Nec
328 1033 426 1071 enim
465 1033 524 1071 vel
561 1033 743 1071 editorem
770 1033 998 1082 Lipsiensem
1033 1036 1094 1070 aut
1132 1043 1214 1070 eum
1248 1042 1355 1081 quem
1382 1031 1548 1080 sequitur

214 1099 381 1137 Lautium
410 1100 456 1136 ad
486 1099 659 1137 Orosium
681 1100 744 1146 IV,
766 1101 797 1139 1.
825 1099 938 1137 credo
966 1100 1035 1137 hos
1065 1110 1194 1136 versus

318 1163 387 1210 Qui
412 1167 496 1202 ante
522 1164 593 1203 hac
621 1164 750 1203 invicti
778 1165 907 1203 fuvere
937 1165 1009 1202 viri
1035 1168 1140 1214 pater
1167 1164 1293 1213 optimi
1322 1164 1466 1213 Olumpi

317 1232 392 1269 Hos
423 1242 495 1281 ego
523 1232 561 1269 in
580 1243 700 1282 pugna
728 1232 803 1270 vici
830 1233 1024 1281 victusque
1052 1244 1131 1270 sum
1158 1232 1204 1270 ab
1233 1231 1365 1270 iisdem
1386 1233 1443 1279 ἰὓ).

216 1297 266 1336 ita
294 1296 414 1335 metiri
441 1298 605 1336 voluisse
627 1303 665 1336 ut
679 1299 731 1336 illi
748 1299 821 1336 visi
839 1303 924 1337 sunt
934 1299 1076 1336 Naekio
1092 1299 1351 1347 opusculorum
1367 1300 1394 1335 1.
1411 1310 1445 1347 p.
1460 1299 1547 1336 212.

217 1365 328 1403 euius
364 1377 453 1403 vera
487 1366 585 1403 haud
623 1366 734 1404 dubie
769 1367 952 1405 sententia
989 1371 1044 1404 est
1080 1366 1127 1404 ad
1156 1365 1320 1404 Annales
1361 1366 1547 1414 pertinere

218 1430 301 1469 illos
330 1441 475 1478 versus,
503 1442 595 1480 quos
625 1432 740 1470 fuisse
770 1432 900 1469 saltem
928 1432 1164 1470 hexametros
1191 1431 1371 1480 mitiqatos
1390 1433 1549 1469 fortasse

217 1508 238 1535 a
265 1498 368 1534 Livio
397 1498 615 1536 arbitratur:
654 1510 738 1537 nam
776 1499 864 1536 illud
904 1498 1049 1547 quidem
1079 1498 1345 1547 ineptissimum
1370 1502 1426 1537 est
1450 1498 1547 1547 quod

216 1563 450 1601 Lorentzium
476 1564 659 1613 quendam
686 1564 724 1601 in
753 1564 904 1602 scholae
925 1564 1188 1602 Luccaviensis
1213 1568 1487 1615 programmate
1512 1576 1545 1602 a.

219 1621 463 1668 cloloccexm'
479 1631 525 1669 de
552 1631 663 1669 rebus
690 1632 973 1670 Tarentinorum
998 1644 1030 1680 p.
1057 1633 1114 1670 12.
1154 1632 1392 1670 contendisse
1421 1631 1546 1680 video,

218 1706 348 1733 versus
375 1695 458 1733 illos
487 1700 523 1733 et
550 1697 744 1735 Saturnios
775 1709 860 1735 esse
893 1702 929 1735 et
956 1698 1064 1735 Ennii
1089 1698 1298 1735 Annalium.
1353 1699 1402 1735 At
1428 1702 1548 1736 tamen

216 1762 304 1801 mihi
332 1774 459 1811 parum
488 1762 607 1812 placet
642 1764 703 1802 ille
746 1764 866 1803 hiatus
906 1763 984 1802 Hos
1012 1776 1076 1814 ⁶90
1103 1763 1141 1801 in
1164 1775 1310 1814 pugna,
1350 1765 1409 1803 cui
1436 1776 1550 1815 aegre

216 1828 340 1876 possis
357 1840 437 1865 eam
459 1840 566 1877 quam
579 1831 695 1879 priori
711 1832 879 1879 exemplo
900 1832 1176 1869 excusationem
1193 1831 1382 1870 adhibere.
1412 1833 1551 1876 Quam-

216 1905 323 1943 quam
356 1892 429 1931 hoc
457 1896 554 1943 quod
592 1907 612 1933 e
647 1896 745 1934 Pauli
769 1897 928 1935 Diaconi
961 1897 1022 1946 qui
1057 1898 1171 1935 fertur
1195 1897 1357 1935 Historia
1385 1897 1549 1936 Miscella

217 1961 261 2009 ll,
286 1961 345 1999 16.
363 1974 397 2011 p.
418 1962 502 2000 785.
539 1963 596 2000 ed.
614 1962 638 1999 l.
656 1963 799 2000 Gruter.
850 1964 1012 2001 Naekius
1038 1965 1218 2012 protraxit
1251 1964 1329 2000 Hos
1358 1968 1393 2000 et
1420 1975 1485 2012 eqo
1511 1964 1550 2000 in

211 2038 340 2076 pugna
364 2028 440 2065 vici
463 2028 653 2075 victusque
677 2040 757 2065 sum
785 2028 831 2065 ab
860 2029 992 2076 isdem,
1024 2030 1262 2067 coniecturae
1291 2029 1436 2067 videtur
1462 2030 1549 2068 mihi

215 2093 363 2140 quidem
391 2094 532 2141 deberi,
564 2106 689 2142 parum
717 2095 899 2143 probabili
930 2096 962 2132 si
981 2096 1253 2132 Lachmannum
1280 2095 1385 2132 audis
1413 2096 1473 2143 qui
1501 2096 1548 2134 ad

214 2159 374 2197 Lucretii
404 2159 537 2198 librum
566 2160 638 2209 Vl,
664 2162 725 2198 52.
754 2162 1037 2200 coniunctiones
1066 2172 1159 2210 quae
1189 2165 1272 2199 sunt
1309 2166 1344 2199 et
1368 2173 1459 2210 que,
1499 2162 1549 2200 ita

213 2227 310 2264 inter
338 2237 379 2264 se
404 2228 636 2274 coniunctas,
663 2233 703 2265 ut
728 2229 844 2266 altera
860 2229 965 2266 alteri
984 2229 1154 2267 ordinata
1182 2230 1241 2275 sit,
1271 2240 1347 2267 non
1375 2241 1459 2268 esse
1482 2241 1548 2267 an-

216 2293 339 2342 tiquae
370 2293 649 2331 consuetudinis
677 2295 877 2343 praecepit.
932 2295 1027 2341 Quid
1055 2295 1199 2345 igitur?
1226 2306 1273 2333 an
1286 2295 1427 2332 Ennius
1456 2295 1550 2334 haec

213 2359 363 2408 scripsit
394 2359 471 2396 Hos
512 2364 547 2396 et
576 2372 640 2409 eyo
682 2361 720 2397 in
754 2373 880 2410 puqna
915 2362 989 2398 vici
1012 2366 1046 2398 et
1073 2362 1191 2399 victus
1217 2373 1298 2399 sum
1322 2361 1369 2398 ab
1399 2361 1546 2409 eisdem,

274 2499 310 2540 ⁴⁵)
331 2500 441 2530 iisdem
463 2500 583 2531 duabus
605 2500 738 2541 syllabis
763 2502 854 2533 effert
878 2503 979 2533 editor
1002 2503 1177 2543 Lipsiensis
1202 2508 1237 2532 ut
1260 2502 1357 2542 p.36‚
1382 2513 1450 2534 cum
1475 2503 1546 2533 Diis

344 2558 535 2601 qen-’talibus
557 2570 667 2593 aevum
690 2564 722 2592 et
745 2570 774 2603 p.
789 2560 841 2594 37.
867 2561 1024 2594 custodem
1049 2561 1093 2593 dii
1111 2566 1295 2604 genuerunt.
