1708 2956
732 110 986 147 -13-..

189 219 248 253 tus
272 217 321 253 ’st
348 216 491 254 scribit.
544 216 623 254 Nec
653 215 750 253 enim
779 216 1030 266 temptandum
1059 217 1126 257 suit
1148 216 1308 256 invictus
1335 218 1433 270 quod
1456 218 1526 258 Fe-

188 288 266 329 stus
294 282 447 322 tradidit
471 295 506 332 p.
528 284 618 332 321,
641 285 672 321 1.

309 350 440 389 Reieci
466 361 581 399 porro
610 354 829 389 constanter
872 352 1111 401 aspirationis
1148 363 1253 390 usum
1271 380 1281 400 ‚
1321 352 1367 391 ab
1392 354 1531 401 Ennio,

189 417 289 467 quod
317 417 511 455 Ciceronis
538 417 752 456 testimonio
782 418 820 454 in
852 419 1011 457 Oratore
1037 419 1101 468 48,
1138 420 1218 458 160.
1250 423 1407 467 constat,
1435 422 1531 460 alie-

185 495 285 522 num.
343 484 466 528 Quare
492 483 655 531 Burrus,
683 483 866 533 triumpo,
892 485 1047 533 pulcer,
1078 486 1271 535 sepulcro,
1307 485 1379 524 alia
1407 488 1529 535 posui.

188 551 264 589 hau
289 562 357 600 pro
385 550 476 587 haut
501 550 560 587 vel
589 550 691 587 haud
717 555 803 588 ante
830 555 846 587 t
869 555 906 589 et
930 552 956 589 d
980 552 1124 590 litteras
1153 552 1322 602 exemplo
1337 551 1529 591 Ritschelii

189 618 258 665 (cf.
273 617 422 667 Proleg.
437 617 476 654 in
486 617 600 654 Plauti
616 617 866 655 Trinummum
881 629 914 667 p.
929 617 1083 665 XClX.)
1113 619 1237 658 invitis
1254 620 1359 658 libris
1380 620 1528 669 scripsi.

186 686 222 723 A
239 684 419 722 librorum
439 688 560 721 autem
576 684 797 722 auctoritate
825 685 978 722 omnino
1006 685 1171 734 pendere
1199 686 1300 724 volui
1319 687 1357 723 in
1383 697 1429 724 eo
1457 698 1530 737 ge-

188 762 280 789 nere
319 750 419 800 quod
452 750 769 799 praepositionum
809 751 1076 791 assimilatione
1110 763 1219 802 quam
1250 753 1378 792 dicunt
1405 753 1530 792 conti—

187 822 297 858 netur
325 829 546 867 quamquam
584 829 660 855 non
690 819 913 857 assimilatas
942 819 1082 857 formas
1110 820 1221 867 paulo
1251 821 1419 869 cupidius
1446 832 1529 859 meo

189 886 270 923 iure
296 884 430 922 videor
444 884 658 932 arripuisse.
686 884 775 922 Item
797 884 901 922 libris
933 884 1193 934 obtemperans
1208 885 1319 924 tuitus
1338 897 1417 924 sum
1436 887 1531 925 haec

187 952 308 990 minus
336 951 506 1002 vulgaria
534 951 696 999 hiemps,
726 951 885 999 clepens,
914 952 1061 999 conicit,
1092 952 1207 999 inicit,
1236 952 1269 989 is
1295 963 1362 1001 pro
1390 964 1430 990 es
1456 965 1532 991 non

188 1019 228 1057 in
255 1018 472 1056 accusativo
510 1021 647 1056 tantum
688 1018 756 1055 sed
794 1018 903 1056 etiam
943 1018 981 1055 in
1023 1018 1252 1057 nominativo
1295 1022 1332 1057 et
1357 1020 1533 1057 vocativo

189 1084 446 1132 multitudinis,
475 1084 577 1122 velut
590 1083 760 1132 Quiritis,
786 1085 913 1133 fortis,
942 1085 1060 1122 omnis
1088 1086 1268 1122 mortalis.
1321 1086 1465 1124 Etenim
1485 1086 1531 1124 ad

189 1152 309 1190 solum
338 1151 589 1188 accusativum
618 1154 757 1188 tantum
785 1151 903 1198 abest,
930 1154 969 1187 ut
995 1151 1090 1188 haec
1107 1151 1317 1189 t'erminatio
1335 1152 1530 1200 pertineat,

188 1222 228 1257 ut
254 1217 354 1269 quod
380 1217 453 1257 fide
467 1217 659 1258 Ritschelii
691 1218 776 1256 dico
803 1222 968 1257 veterum
997 1218 1279 1268 inscriptionum
1298 1219 1532 1258 documentis

188 1286 356 1335 plurimis
392 1296 546 1334 prorsus
581 1286 807 1323 contrarium
836 1286 1040 1323 evincatur.
1094 1286 1265 1334 Denique
1291 1286 1326 1322 ei
1349 1286 1532 1323 termina-

188 1352 329 1391 tionem
358 1352 579 1392 nominativi
606 1351 759 1402 pluralis
796 1363 863 1402 pro
891 1352 905 1389 i
930 1352 1114 1404 integram
1154 1352 1302 1402 quidem
1340 1352 1425 1391 libri
1456 1365 1531 1392 non

188 1424 386 1459 servarunt
414 1420 453 1456 in
482 1420 540 1456 his
572 1419 791 1468 fragmentis
800 1431 811 1464 ;
850 1419 918 1456 sed
947 1431 968 1456 e
994 1415 1165 1469 vestigiis
1193 1419 1412 1456 certissimis
1448 1430 1531 1457 cum

188 1486 251 1525 alii
275 1485 519 1533 restituerint,
548 1485 649 1523 velut
673 1485 881 1541 hortantur⁴
898 1484 971 1522 ibei
996 1496 1061 1522 sos
1098 1496 1167 1534 pro
1190 1484 1435 1523 hortanturbe
1466 1497 1531 1523 sos

190 1553 286 1602 apud
315 1553 461 1590 Festum
479 1563 512 1600 p.
538 1552 628 1599 301,
658 1554 715 1589 11.
736 1553 797 1599 Μ.,
823 1551 959 1601 eculeis
988 1563 1036 1589 ex
1062 1551 1120 1589 his
1151 1551 1259 1589 Gellii
1286 1552 1347 1597 (N.
1367 1552 1413 1589 A.
1434 1551 1531 1599 XVI,

193 1619 258 1667 10,
294 1619 347 1667 1.)
392 1618 613 1669 corruptelis
642 1617 752 1657 sicuti
776 1617 905 1667 isque,
946 1617 1042 1656 sicut
1077 1628 1193 1667 usque
1227 1617 1352 1657 elicuit
1380 1618 1532 1657 Grono-

175 1688 290 1733 vius,
333 1691 407 1723 tum
443 1687 523 1733 ipse
558 1686 736 1724 suscitavi
773 1686 811 1721 in
846 1686 905 1722 his
953 1695 1110 1731 quorum
1146 1685 1297 1721 vir-tutet
1335 1684 1420 1720 belli
1443 1685 1531 1732 for-

190 1757 281 1790 tuna
315 1751 505 1800 pepercit,
536 1763 617 1789 cum
646 1752 841 1790 Ciceronis
871 1751 954 1789 libri
981 1751 1027 1789 de
1056 1751 1191 1789 officiis
1221 1750 1248 1799 l,
1284 1751 1341 1799 12,
1359 1750 1420 1789 38.
1451 1750 1533 1787 vir-

187 1824 262 1857 tute
289 1820 511 1866 exhibeant,
549 1819 623 1857 nisi
661 1820 697 1856 id
727 1831 748 1857 e
784 1830 899 1857 versu
921 1819 1090 1867 proximo
1118 1819 1190 1855 huc
1227 1818 1427 1866 irrepsisse
1453 1830 1533 1856 ma-

188 1886 258 1923 vis.
312 1885 439 1922 caedei
467 1896 549 1921 cum
576 1885 704 1922 Festus
729 1895 763 1932 p.
780 1884 869 1930 356,
902 1884 965 1920 10:
995 1884 1101 1931 ferro
1127 1894 1169 1920 se
1197 1883 1310 1921 caede
1337 1894 1447 1932 quam
1472 1883 1533 1921 di-

190 1951 259 1989 ctis
285 1951 342 1988 his
369 1951 556 1988 toleraret.
617 1950 721 1998 queis
751 1961 818 1998 pro
847 1961 942 1998 quas
969 1950 1064 1998 apud
1093 1949 1300 1988 Varronem
1330 1950 1378 1988 de
1404 1950 1531 1999 lingua

190 2018 302 2056 latina
343 2019 425 2065 Vll,
462 2018 524 2055 71.
565 2018 603 2054 in
635 2017 708 2055 hoc
735 2028 848 2054 versu
887 2016 1010 2053 decem
1032 2016 1181 2053 coclites
1218 2026 1313 2064 quas
1349 2015 1532 2054 montibus

188 2085 339 2122 summis
366 2084 494 2132 Ripeis
517 2084 657 2132 fodere.
712 2084 815 2128 Quae
843 2083 986 2130 forma,
1027 2093 1105 2120 non
1141 2082 1289 2120 diversa
1330 2082 1479 2130 quidem
1510 2094 1530 2120 a

189 2161 278 2199 ques
306 2151 402 2188 haud
432 2151 514 2188 scio
546 2161 593 2187 an
621 2150 730 2188 etiam
755 2150 794 2186 in
817 2150 971 2187 Catonis
999 2149 1211 2200 fragmento
1239 2149 1277 2186 in
1303 2149 1423 2187 Servii
1438 2149 1530 2187 Arte

190 2218 349 2258 Gramm.
376 2229 411 2267 p.
449 2217 524 2256 506
555 2217 720 2256 Lindem.
760 2217 795 2254 si
820 2216 923 2265 quies
952 2220 1038 2253 sunt
1063 2215 1227 2254 homines
1253 2216 1373 2255 lateat.
1432 2216 1530 2253 insi-

188 2285 311 2334 9neita
334 2295 402 2333 pro
429 2284 616 2333 insiynata
643 2283 738 2332 apud
751 2283 977 2321 Priscianum
992 2270 1070 2329 1‚'7‚
1089 2281 1150 2320 38.
1166 2293 1198 2331 p.
1217 2283 1293 2320 556
1304 2282 1340 2319 Ρ.
1369 2282 1530 2331 denique

194 2352 343 2391 dubium
383 2362 459 2390 non
496 2354 552 2390 est
584 2351 672 2400 quin
700 2361 767 2399 pro
796 2349 917 2387 Fauni
945 2352 980 2386 et
1003 2352 1180 2397 vatesque
1205 2348 1303 2397 apud
1321 2349 1529 2387 Varronem

193 2419 240 2458 de
266 2418 290 2456 l.
316 2418 340 2456 l.
368 2417 452 2466 Vll,
480 2417 545 2456 36.
567 2417 614 2455 Μ.
645 2417 901 2466 reponendum
929 2416 977 2454 sit
1002 2415 1040 2453 id
1069 2415 1167 2464 quod
1195 2414 1361 2453 editores
1387 2414 1531 2463 fugisse

192 2485 328 2522 mirere
357 2483 498 2521 Faunei
522 2487 710 2530 vatesque.
747 2478 919 2520 ‘Tantum
947 2481 994 2519 de
1021 2482 1134 2519 rebus
1162 2480 1427 2530 grammaticis.

314 2548 506 2588 Relicuum
531 2552 587 2587 est
611 2548 719 2586 utde
743 2558 927 2599 genere
956 2547 1167 2587 metrico
1193 2544 1531 2596 prosodiaco-
