1708 2956
770 81 1002 118 -3-

335 187 382 225 ad
406 187 450 225 N.
478 188 521 225 Α.
550 187 781 227 vnn-XX.
827 195 869 235 a)
893 189 1030 239 Regius
1065 191 1177 230 8664.
1227 191 1271 237 b)
1301 191 1552 242 Luadunensis

214 253 439 300 (Vossianus
479 255 600 292 maior
636 255 784 302 Gron.).
838 261 877 303 c)
913 256 1103 295 Ber-nense
1148 258 1393 308 fragmentum
1436 270 1552 309 usque

216 320 263 358 ad
289 320 452 358 medium
479 321 614 359 librum
642 322 721 360 ΧΠ.
763 323 965 371 pertinens.
1021 325 1064 371 d)
1089 324 1313 363 Petavianus
1353 326 1552 374 (Gronovii

217 406 256 422 κ
282 386 373 425 Cod.
402 388 570 439 Reginae
589 389 620 426 11
649 389 687 426 in
699 389 780 427 Vat.
804 389 948 437 1646.)
987 396 1028 439 e)
1054 389 1255 430 Vossianus
1283 392 1426 440 (minor
1454 393 1550 432 Gro-

212 460 321 501 nov.)
364 455 401 501 f)
428 454 790 504 Maqliabecchianus
805 457 1093 506 (Florentinus).
1123 459 1171 497 de
1186 459 1316 508 quibus
1342 458 1448 497 libris
1469 471 1553 498 om-

213 519 322 558 nibus
350 520 438 559 vide
466 521 654 559 Hertzium
682 521 706 558 l.
732 521 757 559 l.
772 533 806 571 p.
838 521 958 572 9sqq.
1016 564 1019 567 s

332 586 405 625 Sed
443 587 491 625 de
519 587 847 636 Genio·quoniam
881 589 958 627 dixi
986 600 1062 628 non
1098 601 1272 639 possum,
1307 590 1394 640 quin
1421 602 1552 629 versus

213 652 394 706 quosdam
429 653 541 691 Ennii
581 654 895 694 luculentissimos
934 656 1066 704 partim
1107 658 1440 707 manuscriptorum
1482 668 1552 707 ope

211 720 343 769 partim
371 720 588 758 coniectura
614 730 714 758 nunc
743 721 1019 760 emendatiores
1049 723 1110 760 hic
1137 711 1356 772 proponam.
1409 724 1552 762 Etenim

215 785 295 824 eius
324 786 524 835 fragmenti
553 785 653 835 quod
681 786 820 824 Gellius
848 787 1013 825 servavit
1041 787 1129 835 ΧΠ,
1158 789 1205 836 4,
1236 790 1275 826 4.
1330 800 1462 828 versus
1490 790 1551 839 qui

213 851 331 890 ultimi
360 856 456 900 sunt,
486 864 507 890 a
536 853 728 891 Gronovio
758 852 814 890 sic
841 853 1084 891 exhibentur:

314 918 446 956 Suavis
472 918 599 965 homo,
629 918 825 965 facundus,
855 929 923 956 suo
954 923 1163 965 contentus,
1187 920 1330 967 beatus,

313 983 449 1031 scitus,
477 983 642 1022 secunda
669 983 827 1033 loquens
852 984 891 1021 in
920 987 1100 1033 tempore,
1139 985 1369 1033 commodus,
1399 986 1552 1024 verbum

310 1050 484 1097 Paucum,
513 1050 624 1088 multa
652 1054 784 1089 tenens
811 1051 960 1100 antiqua
988 1051 1144 1100 sepulta,
1172 1055 1335 1090 vetustas

317 1116 419 1161 Quae
450 1115 553 1164 facit,
584 1119 621 1154 et
647 1127 771 1155 mores
799 1120 1020 1166 veteresque
1044 1127 1239 1167 novosque
1261 1121 1460 1157 tenentem.

263 1186 286 1222 5
313 1184 508 1223 Multarum
535 1188 701 1222 veterum
729 1184 853 1235 legum
881 1185 1087 1233 Divumque
1116 1185 1379 1233 hominumque

312 1250 534 1288 Prudentem
543 1263 554 1298 3
582 1251 644 1299 qui
671 1250 769 1289 dicta
789 1251 939 1300 loquive
967 1255 1143 1289 tacereve
1169 1255 1307 1300 posset.

310 1318 414 1355 Hunc
439 1317 536 1355 inter
560 1329 704 1367 pugnas
731 1317 927 1366 compellat
951 1318 1130 1356 Servilius
1157 1318 1225 1356 sic.

332 1384 435 1429 Quae
460 1384 673 1433 priusquam
702 1384 880 1434 refingam
908 1387 947 1422 ut
974 1384 1113 1423 Ennius
1140 1385 1339 1434 scripsisse
1368 1385 1550 1434 videatur,

208 1452 388 1490 librorum
408 1451 695 1499 discrepantiam
724 1462 872 1489 omnem
899 1451 986 1489 inde
1014 1464 1035 1489 a
1065 1464 1100 1489 v.
1131 1452 1168 1489 3.
1196 1452 1257 1489 hic
1282 1463 1486 1501 apponam:
1514 1465 1550 1489 v.

206 1519 242 1556 3.
270 1525 473 1566 paucorum
500 1516 596 1554 libri.
641 1529 678 1554 v.
699 1519 733 1554 5.
764 1517 960 1555 multorum
982 1521 1153 1555 veterum
1182 1517 1288 1568 leges
1316 1516 1402 1555 libri
1427 1518 1550 1556 divum

207 1584 334 1622 Petav.
375 1595 410 1621 v.
427 1582 462 1620 6.
490 1581 640 1631 loquiue
668 1586 861 1631 tacereve]
891 1582 948 1620 sic
973 1581 1086 1620 Rern.
1115 1582 1267 1660 loquiue
1293 1587 1421 1622 tacere
1451 1583 1552 1633 Luq-

206 1671 292 1709 dun.
315 1669 466 1719 loquiue
478 1673 679 1717 tacereque
706 1667 806 1706 Voss.
819 1667 944 1706 Petav.
960 1668 1134 1718 Mayliab.
1159 1669 1263 1717 possi
1282 1667 1381 1707 Voss.
1399 1669 1446 1708 ad
1460 1681 1551 1719 pro-

206 1738 307 1775 xima
332 1737 379 1774 de
403 1736 535 1785 quibus
559 1736 656 1774 infra
673 1736 794 1773 dicam
816 1735 918 1773 mitto
936 1746 1035 1773 nunc
1055 1735 1235 1773 librorum
1250 1736 1455 1784 scripturas
1477 1748 1568 1783 n0-7

205 1808 297 1843 tare.
326 1804 383 1841 Ac
398 1803 553 1852 primum
569 1803 705 1852 optime
722 1813 763 1840 se
778 1802 890 1839 habet
909 1801 1020 1850 dicta,
1049 1813 1117 1851 pro
1132 1813 1204 1851 quo
1219 1813 1302 1839 cum
1319 1802 1496 1842 Columna
1514 1808 1551 1843 et

205 1870 345 1910 Merula
373 1874 449 1907 tum
467 1870 591 1908 editor
616 1869 724 1907 Gellii
742 1869 969 1907 novissimus
987 1869 1101 1906 multa
1124 1868 1310 1907 exhibent.
1352 1869 1427 1907 Sed
1454 1871 1550 1908 mul-

205 1942 326 1975 torum
351 1940 516 1973 veterum
538 1937 635 1985 loyes
662 1936 837 1985 quoniam
869 1936 915 1973 ad
939 1935 1157 1983 prudentem
1182 1935 1317 1974 referri
1343 1947 1419 1974 non
1437 1948 1550 1985 posse

205 2002 485 2052 intelligebant,
515 2002 669 2039 rudiore
695 2012 805 2039 manu
837 2001 985 2050 quidam
1014 2002 1211 2039 multarum
1240 2005 1405 2039 veterum
1431 2002 1550 2051 lequm

209 2069 451 2118 scripserunt.
481 2067 560 2112 Qua
591 2067 828 2105 correctione
853 2077 990 2105 vereor
1021 2078 1069 2104 ne
1097 2078 1192 2116 quae
1222 2078 1314 2105 sana
1339 2070 1376 2104 et
1400 2067 1547 2118 integra

205 2137 290 2173 sunt
318 2136 492 2182 corrupta
520 2132 701 2171 evadant:
729 2142 862 2181 nempe
889 2131 1028 2181 probus
1057 2136 1115 2170 est
1135 2132 1371 2172 accusativus
1388 2144 1549 2184 suspen-

204 2212 267 2240 sus
296 2200 360 2238 ille
389 2210 437 2238 ex
465 2203 643 2236 tenentem
671 2199 881 2248 participio.
938 2198 1074 2236 Contra
1100 2198 1271 2237 labecula
1293 2200 1431 2239 insidet
1451 2212 1550 2249 pru-

202 2267 344 2305 dentem
367 2267 469 2314 voci,
499 2278 606 2315 quam
634 2267 690 2304 sic
708 2266 909 2304 tollendam
938 2266 1100 2303 arbitror
1134 2266 1336 2313 prudenter
1361 2267 1425 2315 qui
1450 2267 1548 2304 dicta

203 2333 349 2382 loquive
379 2337 552 2370 tacereve
573 2332 705 2380 possit.
763 2333 865 2376 Quae
894 2332 1158 2382 coniungenda
1196 2336 1291 2370 sunt.
1345 2335 1392 2370 At
1420 2344 1547 2381 parum

205 2400 391 2438 concinne
420 2399 483 2436 illa
521 2399 638 2437 fluunt
673 2402 840 2436 vetustas
869 2409 965 2447 quae
990 2399 1085 2447 facit
1113 2403 1149 2436 et
1184 2409 1306 2436 moros
1334 2404 1549 2446 veteresque

207 2476 395 2514 novosque
421 2469 608 2503 tenentem.
663 2466 718 2503 De
748 2466 880 2515 quibus
923 2465 1008 2514 quid
1046 2464 1107 2503 alii
1150 2460 1401 2514 excogitarint
1430 2464 1546 2503 mitto,

207 2527 436 2575 Sententiam
462 2545 557 2573 unus
586 2532 777 2585 perspexit
791 2532 1004 2574 Gronovius
1030 2537 1148 2585 pater,
1176 2533 1239 2584 qui
1262 2544 1307 2574 ea
1334 2532 1390 2574 sic
1419 2544 1548 2573 emen-
