1708 2956
199 194 332 235 gerum
359 187 396 223 et
420 184 640 236 Krarupium
681 187 750 233 (cf.
779 187 958 239 Madvigii
985 198 1113 237 opusc.
1146 186 1253 226 acad.
1290 187 1334 230 ll.
1367 201 1402 239 p.
1431 189 1538 237 287.)

199 251 323 290 denuo
352 252 508 291 contulit
528 254 712 293 Henricus
727 255 881 293 Keilius.
923 255 967 301 b)
996 254 1306 304 Sausburyensis‚
1334 267 1433 295 nunc
1452 257 1537 296 cod.

197 318 275 357 Lat.
289 318 527 357 Monacensis
564 319 697 359 15964.
726 332 804 358 sec.
833 321 913 359 ΧΠ.
971 328 1011 368 c)
1034 320 1412 370 Benedictoburanus,
1441 335 1539 361 nunc

200 383 285 422 cod.
312 384 389 423 Lat.
418 384 657 424 Monacensis
672 385 787 424 4611.
820 397 898 425 sec.
913 386 993 425 ΧΠ.
1030 386 1073 434 d)
1093 386 1425 436 Indersdorfensis,
1442 400 1540 428 nunc

200 450 286 489 cod.
301 452 377 489 Lat.
400 451 638 490 Monacensis
667 452 779 491 7809.
807 464 884 492 sec.
914 453 1012 491 Xlll.
1050 454 1097 492 de
1119 455 1177 492 his
1202 441 1450 493 trihus'.libris
1479 457 1540 504 qui

199 517 298 556 inter
323 518 664 566 praestantissimos
692 523 776 557 sunt
802 519 890 558 vide
916 519 1098 558 Halmium
1125 532 1159 569 p.
1192 522 1226 559 5.
1280 527 1320 568 e)
1349 521 1540 559 Gudianus

196 583 234 621 2.
262 594 339 621 sec.
372 583 469 621 Xlll.
500 585 548 621 de
576 595 648 633 quo
675 585 771 623 libro
793 586 870 623 dixi
897 586 944 623 ad
971 591 1112 634 quaest.
1140 586 1259 625 Acad.
1290 591 1327 625 et
1351 587 1467 625 libros
1493 588 1540 626 de

197 652 272 688 nat.
299 649 467 687 deorum.
498 650 532 697 f)
553 649 810 698 Oekleriarms,
836 662 934 689 nunc
961 652 1150 690 Gissensis
1177 663 1254 691 sec.
1270 653 1364 692 XIV.
1393 653 1440 704 de
1467 664 1539 702 quo

199 716 275 754 vid.
299 717 346 754 ad
365 716 429 755 off.
460 723 506 768 g)
528 716 751 766 Bonnensis,
778 718 866 756 olim
883 719 1193 771 Duisburgensis,
1219 731 1297 758 sec.
1324 720 1419 759 XIV.
1449 721 1541 759 α’κέ-

202 786 338 833 φαλος,
366 784 551 832 incipiens
575 795 596 822 a
615 789 639 830 s
659 784 721 822 44.
751 785 798 822 cf.
827 785 946 823 Halm.
973 797 1010 833 p.
1037 787 1072 823 2.

319 849 364 886 de
392 852 568 887 oratore.-
608 857 648 896 a)
677 849 920 899 Erlanyensis
949 862 987 889 n.
1016 851 1103 889 301.
1133 852 1264 900 partim
1291 863 1370 891 sec.
1398 853 1459 900 Χ.,
1502 856 1541 890 ut

199 913 357 961 videtur,
389 915 521 963 partim
551 926 628 953 sec.
654 915 731 954 XV.
761 916 933 964 scriptus.
961 916 1009 954 cf.
1031 917 1148 955 Halm.
1179 929 1213 966 p.
1236 918 1272 956 3.
1326 919 1367 964 b)
1398 918 1541 956 Abrin-

123 1031 127 1034 .
198 979 320 1017 censis
347 991 425 1017 sec.
453 981 499 1019 X.
526 981 584 1018 vel
611 982 674 1018 Xl.
705 982 877 1019 ineuntis.
909 993 1062 1020 mancus
1089 994 1111 1020 a
1141 983 1338 1032 principio,
1364 988 1403 1020 ut
1430 985 1492 1032 qui
1521 996 1542 1022 a

195 1047 283 1085 libri
309 1048 352 1085 11.
373 1053 397 1094 s
423 1048 481 1088 19.
512 1048 559 1085 de
584 1053 678 1086 orat.
706 1049 870 1097 incipiat.
899 1053 984 1098 post
1010 1050 1248 1089 collationem
1275 1061 1347 1099 qua
1371 1050 1430 1088 usi
1457 1053 1544 1087 sunt

198 1113 360 1151 Orellius
386 1116 423 1150 et
449 1113 640 1168 Baiterus,
669 1123 745 1151 non
768 1114 858 1151 satis
886 1113 1087 1164 diligenter
1114 1115 1272 1161 factam,
1300 1115 1422 1152 denuo
1453 1126 1544 1153 exa-

198 1180 358 1219 minatus
378 1180 703 1219 aSchneidewino
723 1184 760 1219 et
779 1180 990 1219 Leutschio.
1020 1181 1067 1219 cf.
1096 1181 1215 1220 Halm.
1243 1193 1278 1230 p.
1311 1183 1369 1220 12.

320 1246 442 1284 oratio
466 1257 540 1294 pro
553 1246 733 1284 Murena:
761 1254 802 1292 a)
830 1246 1126 1296 salisburgensis
1153 1248 1310 1295 auchs,
1339 1258 1437 1285 nunc
1454 1248 1538 1286 cod.

196 1315 275 1353 Lat.
304 1314 542 1352 Monacensis
565 1313 686 1352 15734
713 1325 791 1352 sec.
819 1314 897 1352 XV.
925 1315 973 1352 cf.
1000 1314 1120 1353 Halm.
1150 1326 1185 1363 p.
1202 1316 1237 1352 5.
1256 1326 1310 1363 sq.
1351 1314 1540 1360 b)He1m-

193 1380 393 1417 stadiensis
419 1390 498 1416 sec.
528 1380 607 1420 XV.
637 1380 685 1417 cf.
713 1381 830 1418 Halm.
857 1392 891 1429 p.
913 1381 950 1418 8.
971 1391 1027 1429 sq.
1058 1387 1099 1427 c)
1126 1380 1303 1418 Codicum
1331 1375 1541 1428 Layomar-

198 1446 367 1484 sincrum
392 1446 575 1484 lectiones
601 1446 791 1494 selectae,
831 1458 852 1484 a
877 1447 1083 1485 Niebuhrio
1123 1447 1211 1484 olim
1238 1450 1450 1495 excerptae.
1490 1448 1538 1485 cf.

195 1512 313 1551 Halm.
341 1524 377 1560 p.
409 1512 468 1550 19.
500 1512 543 1558 d)
572 1512 694 1549 Editio
720 1515 826 1549 vetus
857 1525 889 1551 a.
918 1514 1216 1559 cloccccnxxu„
1244 1523 1353 1561 quam
1373 1512 1538 1550 Halmius

198 1579 236 1616 in
262 1578 333 1616 hac
359 1577 532 1616 oratione
569 1577 672 1616 cuius
709 1577 877 1616 subsidia
913 1577 1148 1626 pravioribus
1176 1580 1318 1616 tantum
1345 1576 1539 1615 codicibus

200 1645 463 1698 contineantur
477 1645 718 1693 manuscripti
737 1645 865 1682 -locum
882 1645 1052 1682 obtinere
1079 1655 1224 1683 mecum
1242 1644 1538 1681 communicavit.

320 1710 360 1748 In
387 1709 557 1747 oratione
583 1721 655 1757 pro
681 1709 817 1758 Balbo,
849 1709 954 1748 cuius
982 1709 1148 1748 subsidia
1176 1720 1252 1748 non
1280 1713 1429 1758 praesto
1454 1710 1538 1747 fue-

196 1780 281 1815 runt
305 1776 463 1823 Halmio,
493 1776 644 1814 adhibui
673 1781 811 1814 tantum
839 1776 1011 1814 lectionis
1038 1776 1255 1814 varietatem
1271 1775 1453 1824 potissimi
1469 1787 1539 1813 co-

196 1842 291 1881 dicis
302 1841 467 1880 Parisini
482 1854 502 1880 a
514 1841 702 1893 Madvigio
720 1842 758 1879 in
773 1842 962 1892 opusculis
977 1841 1202 1880 academicis
1220 1840 1347 1879 alteris
1360 1852 1395 1891 p.
1406 1842 1470 1880 55.
1481 1852 1538 1891 sq.

197 1910 420 1959 evulgatam.
463 1910 519 1946 Ad
548 1910 689 1947 relicua
714 1910 851 1957 scripta
868 1908 1077 1955 Ciceronis,
1104 1919 1200 1956 quae
1228 1909 1376 1957 quidem
1401 1909 1540 1947 habent

196 1975 294 2025 quod
322 1975 369 2014 ad
397 1975 556 2013 Ennium
585 1974 793 2022 pertineat,
831 1973 997 2011 Halmius
1024 1973 1115 2011 nihil
1151 1973 1240 2011 novi
1268 1973 1536 2022 acquisiverat:

193 2047 345 2091 praeter
374 2042 469 2080 duos
500 2040 698 2088 scriptoris
735 2041 786 2078 ad
808 2040 1033 2078 Herennium
1059 2041 1176 2078 libros
1204 2039 1462 2087 Erfiurtensem
1489 2040 1537 2077 cf.

193 2108 313 2146 Halm.
338 2119 374 2156 p.
402 2108 438 2145 2.
468 2110 504 2145 et
542 2105 859 2154 Windberqensem
885 2106 933 2144 cl'.
947 2105 1064 2143 Halm.
1078 2117 1112 2154 p.
1130 2108 1165 2146 6.
1220 2105 1279 2142 Ad
1311 2114 1419 2153 quem
1439 2104 1537 2142 scri-

194 2178 338 2224 ptorem
366 2173 541 2223 quoniam
555 2171 716 2212 Orellius
745 2182 821 2209 non
846 2171 1029 2221 integram
1057 2181 1208 2209 suorum
1236 2170 1415 2208 librorum
1444 2181 1538 2208 con-

194 2242 372 2279 lationem
398 2240 575 2286 exhibuit,
603 2242 799 2287 praeterea
826 2249 915 2276 usus
939 2249 1021 2275 sum
1046 2237 1184 2275 Baiteri
1206 2237 1328 2276 Variis
1347 2236 1538 2276 Lectioni-

196 2308 278 2346 bus.
304 2306 442 2346 Turici.
475 2304 582 2344 1844.

318 2373 376 2410 Ex
411 2373 469 2410 his
506 2372 620 2421 igitur
655 2382 750 2420 quae
775 2371 950 2409 recensui
979 2370 1172 2409 Ciceronis
1209 2368 1411 2414 subsidiis,
1450 2367 1539 2404 licet

198 2449 274 2477 non
305 2438 552 2488 insigniorum
592 2438 892 2476 emendationum
922 2447 1035 2487 seges
1074 2436 1230 2474 subnata
1259 2435 1332 2481 sit,
1373 2432 1473 2470 velut
1498 2432 1535 2470 in

198 2510 375 2555 corrupto
402 2516 517 2545 versu
541 2515 614 2546 non
640 2504 735 2543 enim
759 2514 929 2542 rumores
942 2502 1103 2552 ponebat
1129 2505 1216 2541 ante
1240 2500 1396 2538 salutem
1411 2499 1536 2549 optimi
