1708 2956
474 525 702 576 VITA
732 523 1292 576 SCRIPToRIS.

343 752 455 790 Natus
482 761 562 789 sum
590 751 741 789 Bonnae
769 763 801 789 a.
832 742 1067 789 mmccccxxx
1093 754 1197 799 patre
1222 750 1414 787 Dominico
1435 748 1549 798 Iyna-

167 815 169 818 ’
216 818 277 865 tio,
308 821 423 855 matre
440 817 550 854 Arma
577 829 598 854 e
624 821 735 868 gente
748 816 1081 855 Fassbenderiana.
1135 818 1226 855 Inde
1250 817 1296 855 ab
1325 816 1547 855 duodecimo

219 883 349 921 aetatis
376 894 472 920 anno
501 884 538 920 in
569 884 764 933 gymnasio
792 883 981 921 Bonnensi
1009 894 1077 932 per
1097 884 1312 921 sexennium
1342 894 1425 920 cum
1452 883 1549 920 alio-

211 960 290 986 rum
318 953 598 998 praeceptorum
626 949 866 1001 egregiorum
892 953 966 987 tum
985 946 1149 998 inprimis
1168 948 1546 997 LudovioiSchopeni

212 1020 248 1053 et
264 1015 432 1052 Guilelmi
450 1016 661 1053 Reinkensii
672 1017 863 1065 praeclara
887 1028 977 1054 usus
1000 1028 1079 1054 sum
1096 1016 1303 1064 disciplina.
1332 1017 1542 1053 Auctumno

211 1083 299 1121 anni
335 1073 630 1120 cmmeccxzvx—n‘
658 1083 877 1120 maturitatis
913 1082 1126 1120 testimonio
1153 1082 1312 1119 munitus
1341 1080 1417 1119 adii
1449 1080 1545 1118 hanc

211 1148 342 1187 almam
379 1149 607 1186 academiam
634 1148 870 1196 Rhenanam,
905 1149 1035 1186 litteris
1070 1148 1308 1198 philologieis
1343 1151 1458 1185 totum
1487 1159 1545 1185 me

217 1214 420 1252 dediturus.
474 1214 543 1251 Per
571 1214 853 1263 quadriennium
881 1214 994 1265 igitur
1009 1214 1260 1263 producentes
1289 1214 1414 1252 audivi
1442 1214 1544 1251 viros

216 1281 445 1320 clarissimos
462 1280 721 1328 Bernaysium,
739 1280 990 1328 Brandisium,
1018 1280 1174 1328 Delium,
1201 1280 1431 1328 Knoodtium‚
1449 1280 1546 1318 Loe-

215 1346 371 1394 bellium,
403 1346 651 1394 Ritschelium,
679 1346 869 1397 Rfflerum,
903 1346 1145 1394 Schopenum,
1182 1346 1416 1384 Welckemm.
1451 1347 1546 1391 Qui-

211 1413 280 1451 bus
314 1413 405 1450 viris
438 1413 607 1450 omnibus
643 1413 798 1463 egregie
835 1413 881 1450 de
916 1424 975 1451 me
1011 1413 1151 1451 meritis
1189 1424 1270 1450 cum
1296 1413 1436 1463 gratias
1470 1423 1544 1463 ago

212 1490 303 1527 quas
324 1479 443 1517 debeo
459 1480 649 1526 maximas,
666 1483 741 1516 tum
761 1490 836 1516 non
851 1490 999 1527 possum
1016 1490 1092 1517 non
1110 1491 1192 1517 cum
1210 1480 1390 1529 singulari
1406 1479 1546 1529 gratis-

211 1546 296 1583 simi
341 1546 452 1583 animi
491 1546 766 1596 significatione
796 1556 906 1584 omne
934 1556 1052 1596 genus
1080 1546 1344 1584 beneficiorum
1379 1556 1546 1583 comme-

214 1622 361 1649 morare
379 1622 451 1660 quo
478 1623 535 1650 me
555 1611 834 1650 cumulaverunt
849 1612 1029 1649 triumviri
1049 1612 1358 1661 praestantissimi
1372 1611 1543 1649 Ritsche-

210 1678 305 1723 lius‚
333 1677 571 1726 Schopenus,
610 1678 829 1716 Welckerus.
884 1678 1078 1718 Praeterea
1105 1679 1294 1717 seminarii
1320 1678 1540 1730 philologici

213 1745 542 1783 exercitationibus
574 1757 650 1793 per
684 1749 853 1794 quattuor
879 1757 997 1784 annos
1028 1747 1200 1794 interfui,
1240 1758 1307 1795 per
1342 1746 1436 1784 haec
1472 1747 1544 1784 tria

211 1811 406 1863 semestria
425 1812 566 1849 senior.
599 1811 711 1849 Cuius
729 1812 949 1850 institutioni
968 1813 1147 1864 egregiae
1172 1813 1390 1862 praesertim
1412 1812 1543 1861 debeo,

208 1878 241 1915 si
269 1877 357 1926 quid
383 1879 420 1914 in
443 1878 500 1915 his
528 1878 659 1916 litteris
686 1879 894 1927 profecisse
920 1879 1170 1919 existimabor.
