1708 2956
785 118 1035 154 -20-

234 222 316 264 sive
344 222 464 261 victus
488 233 569 261 sum
597 223 645 261 ab
670 223 803 272 isdem,
835 224 999 262 admisso
1032 224 1105 263 alio
1141 224 1263 272 hiatu,
1291 234 1399 273 quem
1427 225 1573 276 quidem

234 302 282 330 ne
311 290 505 328 Lucretius
530 290 679 339 quidem
708 291 966 329 reformidavit
983 291 1081 329 velut
1096 291 1156 339 111,
1177 292 1283 330 1082.
1303 291 1361 339 VI,
1384 294 1470 332 276.
1498 294 1570 333 Sed

232 357 398 406 priorem
435 361 474 394 ut
507 357 579 394 hoc
613 358 745 396 addam
782 369 930 396 versum
955 358 1076 396 editor
1102 358 1305 408 Lipsiensis
1332 362 1473 407 septem
1502 371 1572 408 pe-

233 423 341 462 dibus
370 424 691 473 comprehendere
719 421 1012 462 non'dubitavit.
1067 426 1183 470 Quem
1212 429 1334 462 tamen
1363 436 1438 462 non
1453 428 1572 474 probo

232 491 332 539 quod
358 490 522 539 dispesci
549 502 699 528 versum
727 490 800 528 hoc
827 491 939 528 modo
968 490 1030 538 qui
1059 491 1215 529 antehac
1244 491 1378 528 Invicta·
1403 492 1510 530 iussit
1535 494 1571 530 in

192 598 195 601 ,
230 556 506 595 Additamentis
521 557 658 605 p.215.
700 556 777 594 Nec
807 557 904 594 enim
916 557 1073 595 Ennium
1100 559 1275 606 quoniam
1307 569 1481 607 graecum
1510 560 1572 596 di-

230 622 378 661 stichon
406 622 595 660 convertit
623 622 736 660 latine
764 622 945 660 credibile
972 627 1028 660 est
1056 623 1211 661 duorum
1241 635 1412 662 versuum
1440 626 1570 662 termi-

232 700 302 728 nos
329 689 564 739 migravisse.
619 689 707 726 Mihi
735 689 826 726 nihil
853 700 951 727 nunc
979 690 1078 738 quod
1109 694 1250 728 certum
1281 691 1328 729 sit
1354 692 1390 728 in
1411 695 1570 730 mentem

230 755 335 793 venit
345 768 356 802 3
399 766 620 804 quamquam
649 766 725 793 non
767 755 1059 804 improbabiliter
1085 757 1259 795 sortasse
1302 758 1357 795 sic
1390 758 1570 796 coniicias
1624 774 1626 776 ·

230 822 293 870 qui
333 821 490 859 antehac
526 822 637 870 sacre
671 822 800 859 invicti
837 825 950 870 pater
988 826 1134 870 optume
1182 821 1353 871 Olumpi,
1396 825 1569 873 quoniam

229 888 290 925 hic
314 888 407 926 ordo
424 888 623 926 verborum
639 892 695 926 est
718 889 756 925 in
773 888 973 926 Parisiensi
992 890 1102 927 1510.
1124 892 1160 927 et
1175 889 1392 927 Coloniensi
1406 892 1458 929 10.
1471 891 1569 929 Cae-

229 955 321 998 sarii
336 954 455 993 1536:
488 958 549 993 aut
568 955 667 1004 quod
686 955 774 993 olim
795 955 956 1004 Heynius
975 965 1121 1004 quoque
1135 955 1173 993 in
1188 956 1327 1004 Opusc.
1346 957 1452 995 acad.
1471 958 1514 995 Il.
1533 969 1567 1006 p.

229 1021 315 1062 230.
346 1022 554 1069 suspicatus
596 1025 653 1058 est
692 1022 755 1068 qui
781 1021 938 1058 antehac
961 1021 1089 1058 invicti
1111 1022 1263 1070 fuerunt
1284 1026 1396 1069 pater
1424 1027 1569 1070 optume

230 1086 388 1135 Olumpi.
444 1087 563 1125 Minus
583 1087 819 1136 probaverim
847 1087 994 1125 tertium
1020 1087 1119 1136 quod
1148 1092 1204 1126 est
1230 1088 1267 1125 in
1284 1088 1431 1126 Gruteri
1461 1100 1568 1138 quam

226 1154 375 1193 laudavi
414 1154 578 1193 Historia
606 1154 770 1192 Miscella
814 1154 877 1202 qui
916 1154 1044 1191 invicti
1087 1158 1172 1192 ante
1203 1155 1313 1203 fuere
1346 1143 1420 1192 virli
1456 1160 1567 1203 pater

230 1220 365 1270 optime
393 1220 550 1269 Olympi.

348 1288 511 1328 Alterius
538 1288 660 1325 hiatus
694 1288 756 1335 qui
789 1287 826 1324 fit
854 1287 891 1323 in
920 1287 1112 1325 vocabulis
1139 1299 1175 1324 m
1200 1287 1321 1325 littera
1347 1289 1565 1336 terminatis,

228 1358 330 1394 certa
355 1354 428 1391 duo
458 1357 544 1391 sunt
568 1365 589 1390 a
615 1353 852 1390 Lachmanno
881 1352 918 1389 in
946 1353 1119 1390 Lucretio
1153 1353 1196 1399 11,
1223 1352 1311 1390 466.
1344 1358 1470 1392 notata
1499 1365 1568 1392 ex-

226 1421 370 1470 empla:
403 1420 495 1458 Dum
520 1419 664 1468 quidem
689 1430 785 1456 unus
815 1418 942 1466 homo,
981 1418 1171 1456 Romanus
1198 1423 1306 1467 loqu,
1333 1431 1448 1467 super
1477 1422 1569 1458 escit

229 1491 266 1526 et
292 1486 472 1536 Insignita
496 1487 579 1535 sere
607 1490 681 1522 tum
709 1485 811 1522 milia
835 1484 986 1521 militum
1013 1488 1122 1529 octo,·
1149 1485 1331 1522 incertum
1359 1487 1457 1534 quod
1488 1490 1567 1525 ter-

227 1554 316 1594 tium
343 1553 508 1591 Kochius
535 1552 674 1591 adiecit
703 1552 839 1589 Exerc-
867 1550 949 1599 p.7.
978 1562 1069 1599 ayer
1093 1550 1263 1588 imbrium
1289 1552 1459 1599 oppletur
1483 1552 1568 1601 fre-

223 1620 323 1659 mitu.
379 1620 450 1665 Qui
485 1630 616 1658 versus
642 1629 725 1656 cum
766 1618 811 1656 ab
848 1617 980 1657 Servio
1009 1618 1270 1668 Georg.1‚12.
1299 1618 1355 1656 sic
1384 1618 1567 1657 exhibea-

225 1690 303 1729 tur:
334 1697 425 1735 ayar
452 1685 620 1734 oppletus
645 1684 818 1722 imbrium
843 1684 993 1733 fremitu
1029 1695 1077 1722 ne
1102 1684 1224 1723 littera
1254 1685 1401 1734 quidem
1430 1689 1566 1724 mutata

226 1754 388 1794 dimetiri
411 1764 585 1791 mensura
612 1752 805 1790 trochaica
833 1752 921 1789 licet
950 1752 988 1788 in
1016 1752 1116 1789 hunc
1143 1752 1293 1790 modum
1319 1763 1408 1799 aqer
1435 1753 1565 1799 opple-

226 1824 286 1858 tus
315 1819 497 1861 tmbn'um.
555 1820 670 1864 Quam
700 1818 848 1868 quidem
877 1818 1059 1856 rationem
1096 1818 1127 1855 si
1168 1818 1248 1866 quis
1275 1829 1403 1867 pamm
1431 1818 1566 1868 proba-

225 1888 323 1926 verit
345 1890 543 1936 propterea
575 1886 673 1934 quod
706 1896 814 1934 quem
846 1896 928 1923 cum
952 1885 1016 1923 illo
1045 1885 1196 1924 Servius
1225 1885 1417 1923 coniunxit
1443 1886 1566 1924 versi-

230 1954 350 1995 culum
373 1952 559 2002 sremebat
584 1952 701 1991 imber
712 1952 875 2001 Neptuni
905 1963 980 1990 non
1008 1952 1128 2002 possit
1155 1963 1229 1990 non
1246 1952 1444 1991 Annalium
1467 1964 1564 2000 esse,

226 2021 317 2059 licet
352 2020 471 2058 ascito
508 2018 664 2057 imbrum
688 2019 866 2069 genetivo
895 2029 967 2068 quo
997 2013 1138 2057 Ennius
1164 2020 1282 2067 potuit
1311 2020 1459 2067 quidem
1491 2030 1566 2056 non

223 2087 343 2126 minus
372 2098 480 2136 quam
508 2098 529 2124 a
561 2085 730 2125 Charisio
757 2098 792 2135 p.
827 2086 909 2123 114.
939 2086 976 2123 P.
1018 2089 1147 2125 testata
1173 2088 1324 2133 partum
1353 2085 1471 2123 forma
1498 2085 1563 2132 uti,

221 2165 299 2195 non
327 2152 619 2202 improbabiliter
645 2153 701 2191 sic
735 2153 936 2191 emendare
976 2163 1066 2201 ager
1100 2152 1283 2200 oppletust
1304 2150 1458 2188 imbrum
1483 2152 1565 2200 fre-

223 2220 324 2259 metu.
