1708 2956
761 120 1014 158 ..11-

384 228 528 267 Interea
557 228 603 267 ad
631 226 803 277 templum
830 237 907 266 non
935 238 1076 277 aequae
1102 227 1260 267 Palladis
1287 227 1391 267 ibant

384 295 555 335 Crinibus
584 295 719 334 Iliades
746 295 881 344 passis,
905 295 1126 344 peplumque
1152 295 1322 334 ferebant

380 362 599 412 Suppliciter
626 364 750 400 tristes
778 366 814 400 et
841 365 970 400 tunsae
995 365 1149 411 pectora
1174 360 1315 410 palmis.

228 428 278 465 At
304 432 418 467 restat
443 428 638 477 scrupulus
664 428 703 466 in
728 439 862 467 versu:
900 439 982 466 nam
1009 432 1048 465 ut
1077 428 1196 466 Nonio
1230 439 1307 465 non
1335 426 1469 464 iniuria
1496 426 1557 464 illa

230 506 360 534 versus
388 495 563 534 laudandi
589 495 728 544 ineptia
753 495 946 542 tribuatur,
972 499 1093 533 tamen
1115 495 1153 532 in
1171 497 1271 532 tanta
1293 492 1560 542 transponendi

229 562 462 611 proclivitate
489 562 611 600 malim
651 562 749 600 hunc
790 562 975 613 integrum
1011 562 1264 601 hexametrum
1301 571 1414 610 aeyro
1440 559 1561 607 corde,

230 629 343 667 comis
368 629 509 677 passis,
536 639 609 666 vae
627 632 785 677 pectora
805 629 954 677 palmis.

306 701 312 705 ·
354 695 475 743 Atque
494 698 582 733 nota
598 695 745 744 quidem
759 695 821 734 illa
833 694 1082 733 memorabilis
1103 703 1173 744 qua
1195 694 1293 732 nitor
1307 693 1415 732 Nonii
1432 692 1565 744 negle-

229 761 375 811 gentia:
406 772 513 809 quam
538 762 600 799 hic
618 762 785 810 exemplo
799 762 983 800 illustrare
1000 763 1086 810 quid
1103 763 1232 800 vetat?
1259 761 1403 799 Etenim
1419 771 1453 808 p.
1478 760 1561 806 106,

230 828 292 865 28.
321 827 415 865 haec
440 827 635 877 leguntur:
664 827 831 876 Equitem
854 839 926 875 pro
951 838 1055 875 equo.
1088 827 1182 876 Viry.
1210 826 1472 876 Georgicorum
1499 825 1559 863 lib.

230 892 295 931 111
306 905 317 929 :
340 897 450 942 atque
475 894 627 942 equitem
653 895 812 932 docuere
837 893 906 932 sub
935 895 1050 931 armis
1073 894 1254 931 insultare
1280 893 1373 941 solo,
1401 896 1437 931 et
1455 902 1563 941 yres-

228 969 295 995 sus
329 960 537 1007 ylomerare
570 960 763 1008 superbos.
818 960 962 997 Ennius
1001 960 1138 996 Annali
1167 959 1230 997 lib.
1280 958 1369 996 VII:
1407 970 1457 996 an
1489 969 1564 995 non

229 1025 485 1075 quadrupedes
513 1026 662 1075 equites.
718 1027 821 1072 Quae
848 1027 989 1066 Nonius
1016 1026 1213 1075 surripuit,
1243 1025 1415 1075 quoniam
1446 1024 1562 1063 dissi-

229 1093 360 1140 mulat,
388 1093 528 1140 Gellio,
558 1094 620 1141 qui
647 1093 784 1140 XVlH,
811 1095 847 1130 5.
885 1094 932 1131 de
968 1103 1078 1140 eques
1105 1103 1201 1130 voce
1228 1093 1348 1140 posita
1375 1102 1443 1140 pro
1471 1102 1563 1139 equo

230 1158 419 1197 disserens
453 1169 584 1196 versus
621 1158 728 1197 affert
765 1163 802 1196 et
827 1158 1077 1209 Vergilianum
1106 1162 1141 1195 et
1168 1158 1385 1197 Ennianum.
1440 1157 1563 1208 Pergit

231 1223 424 1274 deinceps:
468 1223 556 1262 Tum
580 1224 749 1262 Iulianus
776 1224 964 1274 egrediens
993 1236 1013 1261 e
1038 1224 1199 1262 theatro:
1238 1223 1337 1269 Quid
1361 1223 1480 1272 vobis,
1506 1223 1564 1260 in-

229 1290 318 1337 quit,
344 1290 389 1327 de
411 1290 481 1327 hoc
507 1294 714 1339 anagnosta
747 1295 784 1327 et
809 1292 854 1328 de
878 1291 1117 1339 quadrupede
1144 1301 1236 1337 equo
1265 1290 1441 1327 videtur?
1495 1290 1559 1327 Sic

229 1356 324 1394 enim
342 1357 512 1406 profecto
538 1356 637 1406 teqit:
662 1356 828 1405 Denique
854 1357 893 1393 vi
916 1367 1049 1405 maqna
1074 1356 1286 1404 quadrupes
1311 1366 1426 1404 equus
1451 1359 1561 1404 atque

226 1422 408 1470 elephanti
436 1423 639 1460 Proiiciunt
666 1435 760 1461 sese.
801 1423 931 1471 ecquid
951 1424 1115 1471 putatis,
1144 1424 1178 1460 si
1202 1423 1417 1471 mayistrum
1442 1434 1562 1470 prae-

225 1488 466 1536 lectoremque
499 1488 689 1526 habuisset
715 1489 875 1527 alicuius
903 1489 1025 1537 aeris,
1059 1489 1272 1537 quadrupes
1299 1498 1414 1537 equus
1442 1488 1562 1526 dictu-

227 1565 310 1592 rum
331 1555 471 1604 fuisse,
498 1567 554 1594 ac
581 1568 673 1595 non
696 1558 980 1606 quadrupes
1010 1557 1192 1606 eques?
1238 1556 1337 1604 quod
1361 1555 1410 1593 ab
1438 1555 1561 1593 Ennio

227 1620 280 1658 ita
307 1621 485 1669 scriptum
523 1623 758 1672 relictumque
795 1635 877 1661 esse
907 1635 1012 1661 nemo
1046 1635 1142 1660 unus
1176 1623 1369 1660 literarum
1399 1626 1563 1659 veterum

227 1686 379 1736 diliyens
417 1687 605 1727 dubitavit.
659 1690 781 1740 Atque
807 1691 901 1728 haec
937 1694 1176 1739 posteaquam
1207 1689 1349 1728 Nonius
1382 1688 1475 1739 legit
1501 1687 1562 1726 se·-

225 1753 404 1791 stinanter
440 1755 554 1792 verba
610 1766 656 1792 ac
685 1767 760 1792 non
796 1756 1008 1804 quadrupes
1048 1766 1158 1803 eques
1193 1759 1231 1792 ut
1267 1765 1362 1804 quae
1391 1754 1560 1791 Enniana

228 1828 313 1855 esse
340 1817 583 1857 arbitraretur
621 1820 657 1857 in
692 1821 949 1870 compendium
978 1832 1084 1859 suum
1111 1820 1305 1858 transtulit.
1363 1831 1435 1858 nec
1462 1820 1559 1858 enim

227 1883 374 1921 dubium
413 1889 470 1923 est
496 1887 584 1934 quin
612 1887 710 1935 quod
738 1887 964 1925 Basilienses
994 1887 1170 1925 exhibent
1215 1898 1264 1923 an
1289 1898 1363 1923 non
1389 1887 1560 1934 quadru-

222 1947 336 1995 pedes
373 1950 510 1996 equites
545 1962 592 1989 ex
626 1952 699 1989 hoc
727 1952 834 1990 Gellii
873 1952 959 1990 loco
996 1952 1264 1990 emendandum
1292 1954 1359 2000 sit,
1396 1952 1434 1989 id
1461 1952 1559 2001 quod

224 2014 396 2053 Rothium
421 2015 648 2055 intellexisse
676 2018 801 2065 video,
832 2018 893 2066 qui
922 2018 1068 2066 quidem
1095 2028 1141 2054 ac
1166 2021 1304 2056 tantum
1332 2018 1464 2066 reponi
1490 2029 1558 2067 pro

225 2091 275 2117 an
304 2082 410 2119 iussit
423 2081 541 2119 Gellio
571 2083 731 2121 conlato.
761 2084 885 2133 ltaque
903 2084 1123 2122 demendum
1140 2088 1195 2122 est
1210 2084 1456 2134 fragmentum
1479 2088 1563 2134 post

225 2147 437 2185 Columnam
466 2153 502 2186 et
528 2148 703 2185 Merulam
733 2148 777 2184 ab
816 2149 961 2186 editore
988 2148 1172 2196 Lipsiensi
1202 2148 1402 2185 exhibitum
1432 2160 1466 2196 p.
1499 2150 1558 2186 93.

347 2213 412 2251 His
444 2214 577 2252 addam
605 2214 887 2252 observationes
928 2215 1105 2263 quasdam
1135 2218 1171 2252 et
1202 2214 1435 2252 coniecturas
1463 2225 1559 2262 quae

224 2282 265 2315 ut
290 2278 499 2327 longiorem
531 2290 638 2327 quam
664 2291 732 2327 pro
760 2281 859 2316 notis
888 2281 1027 2317 criticis
1055 2280 1323 2328 expositionem
1339 2285 1556 2327 exposcunt,

227 2344 277 2382 ita
305 2343 465 2382 sortasse
491 2343 539 2382 ad
564 2344 715 2395 linguae
739 2344 876 2384 latinae
903 2346 1096 2385 scientiam
1125 2346 1280 2385 fructum
1301 2345 1460 2395 aliquem
1487 2346 1558 2385 ha-

225 2411 374 2449 bebunt.

343 2474 528 2515 Exordiar
560 2488 580 2515 a
607 2488 719 2516 versu
739 2488 847 2527 quem
875 2478 1016 2517 Nonius
1046 2490 1080 2528 p.
1106 2478 1187 2527 134,
1211 2478 1254 2517 13
1282 2477 1412 2516 tradit:
1455 2477 1555 2516 Lici-

224 2542 317 2592 tari,
349 2544 544 2594 conpredi,
570 2553 747 2594 pugnare.
802 2546 965 2584 Ennius:
1002 2557 1098 2595 pars
1121 2547 1261 2585 ludicre
1293 2557 1394 2585 saxa
1419 2547 1558 2586 iactant
