1708 2956
250 210 373 255 datum
399 215 465 254 ivit
516 206 680 252 vetustas
722 213 836 260 Quem
858 214 951 263 facit
980 218 1024 251 et.
1064 214 1102 252 in
1145 214 1275 263 quibus
1301 217 1425 253 tamen
1450 224 1520 251 nec
1545 216 1580 251 et

247 283 356 321 video
388 294 459 332 quo
487 285 569 331 apte
596 281 781 320 referatur
806 293 877 320 nec
907 282 1027 330 placet
1052 281 1250 320 admodum
1276 281 1369 330 facit
1384 292 1576 330 praesens.

245 348 648 399 Immo'perpolientur
679 347 824 385 demum
863 347 936 385 hoc
975 347 1087 385 modo
1127 347 1159 384 si
1200 346 1286 395 quid
1315 347 1425 384 video
1463 347 1578 385 verba

245 418 409 454 vetustas
435 415 549 462 Quem
574 414 663 464 fecit
687 425 819 452 mores.
872 415 918 453 Ut
954 414 1027 453 iam
1062 425 1238 473 *versuum
1270 414 1332 452 hic
1368 425 1498 453 sensus
1531 427 1575 453 ac

245 486 352 521 tenor
377 477 577 532 prodierit:

854 607 858 615 ι
901 610 905 614 ,
961 563 1191 610 commodus,
1221 562 1374 603 verbum

347 633 519 677 Paucum,
549 631 658 670 multa
687 636 818 670 tenens
844 618 1184 680 antiqua³sepulta,
1214 633 1376 668 vetustas

345 700 458 745 Quem
486 699 575 737 fecit
600 709 723 737 mores
753 697 975 752 veteresque
997 708 1197 753 novosque
1227 701 1429 747 tenentem,

343 765 538 803 Multorum
567 769 730 804 veterum
760 765 865 815 leges
893 754 1091 813 divomque
1119 764 1405 813 hominumque3

346 832 548 870 Prudenter
576 832 637 881 qui
665 831 761 869 dicta
786 830 936 879 loquive
962 833 1137 869 tacereve
1161 833 1298 878 posset.

246 940 468 979 vetustatem
508 945 547 978 ut
580 942 652 979 hoc
689 941 822 979 addam
860 940 1015 979 senilem
1054 944 1211 979 aetatem
1249 941 1339 977 dicit
1379 945 1513 989 poeta,
1542 945 1580 978 ut

245 1006 401 1057 Ovidius
427 1006 535 1045 Trist.
566 1008 606 1055 V,
634 1009 670 1055 2,
694 1010 748 1045 11.
787 1018 932 1044 annosa
959 1010 1124 1044 vetustas
1156 1011 1192 1045 et
1216 1007 1400 1045 simillima
1424 1011 1579 1045 senten-

224 1074 294 1111 .'tia
322 1074 457 1111 Cicero
483 1074 520 1111 in
547 1074 718 1111 oratione
746 1081 812 1122 pro
845 1074 955 1111 domo
991 1073 1089 1121 237,
1122 1085 1142 1111 a
1188 1073 1385 1121 peritiores
1412 1076 1578 1110 vetustas

239 1139 339 1189 fecit.
395 1140 440 1179 de
468 1141 646 1191 asyndeto
665 1145 784 1180 autem
812 1140 946 1190 duplici
975 1140 1072 1190 quod
1102 1143 1158 1178 est
1183 1140 1220 1178 in
1252 1140 1309 1179 his
1326 1140 1464 1188 verbis,
1491 1152 1574 1179 me-

242 1207 394 1245 mineris
421 1208 459 1245 in
487 1207 631 1246 deliciis
659 1208 833 1246 habuisse
860 1208 956 1245 hanc
978 1208 1132 1256 figuram
1159 1208 1305 1255 priscae
1332 1207 1461 1244 aetatis
1479 1207 1578 1244 scri-

244 1275 369 1322 ptores
397 1284 538 1312 omnes.
568 1275 616 1312 cf.
642 1274 896 1312 Lachmannus
924 1274 962 1311 in
987 1274 1158 1312 Lucretio
1187 1274 1230 1321 11,
1261 1273 1343 1311 118.

364 1340 429 1378 His
454 1346 546 1389 quos
571 1341 652 1378 dixi·
666 1341 909 1389 scriptoribus
925 1341 1114 1389 proximus
1139 1344 1195 1378 est
1206 1340 1457 1378 Ennianarum
1484 1339 1578 1377 reli-

193 1460 196 1462 ,
244 1408 410 1458 quiarum
426 1408 829 1457 copiaMacrobius.
857 1408 968 1447 Cuius
996 1408 1109 1447 editio
1136 1408 1265 1447 critica
1291 1411 1420 1458 parata
1446 1411 1481 1446 et
1508 1419 1580 1456 pu-

242 1474 376 1512 blicata
404 1486 450 1512 ex
473 1479 576 1523 parte
604 1480 661 1513 est
674 1476 979 1513 abLudovico
1008 1476 1136 1512 Iano.
1167 1474 1307 1512 Prodiit
1336 1475 1432 1512 enim
1459 1478 1579 1512 tomus

242 1539 346 1588 prior
374 1539 670 1591 Quedlingburgi
711 1546 746 1580 et
781 1542 927 1591 Lipsiae
967 1554 1003 1580 a.
1039 1532 1355 1589 {Hocccxnv111;
1398 1540 1491 1579 alter
1517 1542 1578 1590 qui

241 1607 485 1646 refertissima
511 1608 620 1647 Ennii
648 1608 865 1660 fragmentis
894 1609 1100 1647 Saturnalia
1129 1611 1404 1657 complectitur,
1433 1607 1574 1656 prelum

243 1671 391 1721 quidem
416 1673 559 1721 pridem
584 1673 744 1723 reliquit,
772 1674 838 1712 sed
868 1674 1032 1712 nondum
1054 1674 1209 1712 emissus
1239 1678 1295 1712 est
1322 1675 1360 1711 in
1374 1674 1573 1724 publicum.

242 1739 391 1777 Interim
415 1740 501 1778 eius
528 1751 632 1778 usum
660 1741 749 1780 mihi
779 1741 900 1779 editor
927 1753 947 1779 a
976 1741 1178 1780 Ritschelio
1208 1753 1290 1779 mea
1318 1753 1429 1780 causa
1456 1753 1575 1793 roga-

241 1809 299 1843 tus
331 1806 528 1855 impertivit
555 1808 725 1859 libenter.
781 1808 901 1857 Atque
939 1808 1000 1846 ille
1036 1812 1183 1856 praeter
1220 1808 1403 1858 integram
1441 1819 1574 1846 manu-

241 1873 461 1921 scriptorum
492 1874 624 1922 q'uibus
647 1885 736 1912 usus
765 1879 821 1912 est
850 1875 1091 1923 scripturam,
1121 1874 1306 1912 editiones
1334 1885 1481 1923 quoque
1505 1886 1575 1912 ve-

221 1942 362 1977 'tustas
401 1940 565 1977 excussit
605 1951 713 1988 quam
751 1940 938 1989 plurimas.
995 1941 1101 1986 Quod
1137 1941 1303 1989 quamvis
1344 1952 1425 1978 cum
1456 1941 1578 1979 fructu

240 2006 421 2043 Macrobii
452 2006 587 2052 factum
616 2007 685 2054 sit,
717 2017 789 2056 ego
817 2007 988 2044 codicum
1011 2011 1156 2057 tantum
1185 2007 1411 2056 scripturas,
1444 2017 1491 2044 ne
1518 2007 1580 2044 in-

240 2072 380 2110 utiliter
405 2072 605 2112 lectionum
632 2073 748 2112 moles
777 2078 980 2122 cresceret,
1012 2073 1181 2111 transtuli
1209 2073 1246 2110 in
1274 2073 1442 2111 Ennium.
1478 2073 1579 2112 Libri

243 2141 362 2176 autem
390 2138 427 2176 hi
454 2143 548 2187 sunt,
579 2150 671 2188 quos
696 2139 793 2178 infra
821 2140 976 2188 scripsi:
1006 2144 1045 2186 a)
1065 2138 1240 2187 Anylicus
1267 2139 1302 2176 h.
1319 2151 1353 2178 e.
1383 2139 1581 2178 Cantabri-

240 2204 397 2254 giensis,
424 2206 468 2242 A.
498 2206 580 2244 130.
607 2206 650 2251 b)
669 2205 863 2243 Parisinus
891 2206 1000 2244 6371.
1056 2213 1096 2253 c)
1115 2206 1408 2256 Salisburyensis
1436 2207 1578 2246 aulicus

241 2268 304 2316 38,
333 2280 430 2306 nunc
441 2270 688 2310 Monacensis.
719 2272 762 2319 d)
782 2271 967 2309 Mediceus
995 2272 1084 2309 Cod.
1101 2272 1193 2320 Vlll,
1222 2273 1308 2322 plut.
1320 2274 1376 2312 Ll.
1406 2280 1447 2320 e)
1470 2273 1574 2311 Nea-

238 2335 427 2383 politanus
455 2335 615 2389 Borbon.
636 2335 798 2384 CCClV.,
826 2348 846 2374 e
865 2347 937 2385 quo
966 2341 1128 2375 veterum
1151 2342 1339 2387 poetarum
1367 2339 1575 2389 fragmenta

240 2403 422 2441 Henricus
448 2396 601 2441 Kei'lius
615 2406 813 2454 excerpsit.

360 2467 529 2517 Denique
558 2468 781 2510 huicmeae
807 2470 1052 2520 qualicunque
1083 2481 1220 2520 operae
1251 2471 1385 2509 deesse
1419 2483 1490 2521 qua
1519 2478 1576 2512 est

242 2534 377 2573 eximia
407 2535 443 2573 in
471 2528 539 2578 me,
559 2534 819 2575 benevolentia
847 2537 964 2576 noluit
991 2541 1211 2587 praeceptor
1241 2548 1345 2578 meus
1376 2540 1579 2581 dilectissi-
