1708 2956
754 114 979 150 -5-

206 223 488 274 programmatis
516 238 524 261 ε
569 224 641 261 Zur
676 222 1089 261 Handsehriftenkunde
1137 221 1204 259 der
1241 221 1533 259 Ciceronischen

207 288 392 329 Schriften
406 288 613 337 (Monachii
638 287 771 336 1850.)
787 299 821 338 p.
838 287 912 326 Vll.
932 298 986 338 sq.
1024 287 1067 336 b)
1094 285 1336 338 Erlanqensis
1362 297 1440 329 sec.
1457 286 1535 327 XV.

208 357 255 395 cf.
283 357 397 395 Halm.
426 370 462 407 p.
492 359 528 396 2.
554 368 610 408 sq.

325 424 560 473 quaestiones
599 422 855 460 Tusculanae.-
881 427 922 465 a)
949 420 1146 459 Parisinus
1174 420 1287 460 6332.
1313 421 1417 459 cuius
1437 421 1536 460 scri-

204 495 331 539 pturae
358 490 647 539 discrepantiam
674 490 886 541 Tregderus
911 489 1061 526 exhibet
1083 489 1121 525 in
1144 488 1433 526 Tusculanarum
1452 488 1535 526 edi-

205 558 304 595 tione
320 557 507 603 (Hauniae
527 556 668 601 1841.).
693 555 742 593 ef.
760 555 941 606 Tregderi
959 554 1074 603 praef.
1095 566 1128 602 p.
1148 554 1190 591 V.
1209 565 1291 603 sqq.
1325 554 1368 602 1))
1388 554 1531 591 Gudia-

204 635 274 660 nus
300 623 386 662 294.
415 633 492 660 sec.
520 622 617 660 vl111
644 622 702 660 vel
730 621 775 659 X.
803 625 887 671 post
916 621 1101 659 Moserum
1131 620 1253 659 denuo
1283 632 1463 660 excussus
1488 622 1535 659 ab

204 689 346 727 Halmio
374 697 493 737 quem·
508 687 595 725 vide
621 699 656 736 p.
683 688 717 725 7.
745 698 801 736 sq.

324 754 557 802 quaestiones
582 753 850 792 Academicae:
871 760 911 801 a)
935 752 1232 801 Vindobonensis‚
1263 753 1306 800 1))
1322 752 1533 803 Erlanyen-

203 820 283 867 sis,
324 830 420 869 vquos
465 830 575 869 supra
612 819 799 858 nominavi
809 832 820 866 ;
864 823 903 866 e)
943 817 1133 856 Gudianus
1164 821 1199 857 2.
1237 830 1314 859 sec.
1356 819 1450 859 XIV.
1482 820 1530 859 cf.

203 886 320 925 Halm.
349 898 384 936 p.
417 887 452 925 7.

324 953 368 1002 de
400 956 537 991 natura
573 953 723 991 deorum
739 966 751 989 :
791 958 831 1000 a)
868 951 1164 1000 Vindoboneusis‚
1208 952 1249 998 b)
1277 951 1533 1002 Erlaaqemis,

204 1020 464 1069 c)·Gudianus
492 1021 613 1058 eidem
648 1031 740 1069 quos
775 1020 821 1057 ad
850 1020 1097 1057 Academicos
1136 1019 1375 1067 quaestiones
1410 1019 1536 1056 nomi-

204 1087 301 1125 navi.
357 1087 515 1124 Gudiani
553 1087 599 1125 ad
638 1087 736 1125 hunc
772 1086 904 1124 librum
936 1086 1035 1123 facta
1074 1089 1131 1123 est
1169 1085 1318 1123 collatio
1347 1097 1368 1123 a
1399 1085 1534 1123 Carolo

204 1153 336 1191 Beiero
365 1163 492 1201 parum
520 1152 719 1203 diligenter
746 1156 785 1190 ut
809 1152 973 1190 Halmius
1001 1151 1136 1190 fatetur
1162 1163 1195 1200 p.
1214 1152 1249 1189 7.
1279 1150 1321 1198 d)
1342 1149 1534 1189 Palatinus

204 1230 240 1255 n.
275 1218 381 1257 1519.
404 1219 452 1256 cf.
482 1219 599 1256 Halm.
628 1230 662 1267 p.
695 1219 751 1256 17.
793 1218 921 1256 Codex
946 1219 1103 1266 optimus
1132 1217 1246 1254 hodie
1271 1217 1407 1254 misere
1428 1221 1536 1254 trun-

203 1286 328 1330 catus3
359 1294 430 1333 qua
454 1294 496 1321 re
525 1284 659 1322 factum
686 1287 743 1322 est
768 1287 807 1321 ut
834 1282 943 1321 trium
972 1281 1083 1320 Ennii
1106 1282 1398 1334 fragmentorum
1422 1294 1534 1322 unum

206 1353 341 1386 tautum
363 1349 402 1386 in
428 1349 491 1387 illo
520 1350 615 1399 libro
645 1350 802 1399 legatur.

323 1415 367 1453 de
394 1413 548 1465 officiis:
578 1423 619 1465 a)
649 1414 955 1465 Bamberqensis‚
998 1415 1167 1466 signatus
1194 1415 1240 1454 M.
1266 1415 1307 1453 V.
1339 1417 1370 1453 1.
1414 1416 1531 1466 (apud

203 1483 389 1520 laeckium
420 1494 455 1519 n.
484 1484 593 1529 427.)
621 1494 698 1520 sec.
730 1483 777 1519 X.
806 1484 941 1522 notavi
962 1494 1046 1519 cum
1072 1482 1215 1518 Halmio
1240 1493 1275 1529 p.
1297 1484 1328 1518 1.
1352 1482 1479 1519 Bamb.
1493 1486 1533 1519 .1.

203 1548 246 1594 1))
271 1546 576 1599 Bamberqensis,
614 1548 660 1587 M.
684 1548 724 1587 V.
751 1550 786 1587 2.
819 1547 963 1596 (Iaeck.
991 1559 1026 1585 n.
1054 1547 1166 1595 428.)
1204 1557 1281 1586 see.
1310 1546 1373 1585 Xl.
1405 1549 1530 1588 notavi

203 1614 329 1651 Bamb.
361 1615 409 1660 2.,
439 1624 547 1662 quem
574 1626 621 1652 ex
648 1615 781 1652 eodem
810 1615 913 1652 fonte
932 1625 1017 1652 esse
1032 1625 1115 1652 cum
1132 1614 1398 1664 Bambergensi
1415 1616 1534 1664 primo

203 1679 366 1718 Halmius
402 1683 557 1717 testatur
589 1680 613 1717 l.
641 1680 665 1717 l.
722 1686 761 1727 o)
792 1679 1057 1727 Oekleriauus,
1093 1690 1192 1719 nune
1232 1680 1420 1720 Gissensis
1457 1692 1535 1721 sec.

203 1747 297 1785 XIV.
329 1747 377 1784 cf.
407 1747 523 1785 Halm.
551 1759 585 1796 p.
617 1746 652 1784 4.
707 1747 771 1785 His
799 1748 920 1785 adieci
952 1759 999 1786 ex
1028 1752 1204 1796 apparatu
1225 1749 1415 1787 Orelliano
1435 1750 1534 1788 duo-

203 1825 283 1851 rum
314 1813 558 1853 Bernensium
587 1813 922 1863 antiquissimorum
950 1813 1155 1852 lectiones:
1201 1813 1243 1861 d)
1271 1813 1474 1854 Beruenses
1498 1827 1534 1854 n.

202 1879 291 1919 514.
320 1882 484 1919 see.‘1X.
516 1881 644 1919 Orellii
670 1892 705 1918 a.
747 1881 877 1928 (Bern.
912 1888 979 1928 a.).
1009 1886 1050 1929 e)
1075 1880 1277 1919 Beruenses
1294 1894 1329 1921 n.
1351 1883 1438 1921 391.
1455 1895 1532 1924 sec.

203 1946 265 1984 1Χ.
291 1946 351 1984 vel
377 1947 424 1985 X.
457 1946 586 1985 Orellii
614 1946 648 1983 b.
685 1946 815 1993 (Bern.
843 1947 912 1994 b.).

321 2011 364 2049 de
389 2010 523 2059 finibus
550 2010 727 2049 bonorum
753 2017 787 2049 et
813 2013 1014 2051 malorum:
1058 2019 1099 2062 a)
1129 2012 1322 2052 Palatinus
1356 2027 1392 2053 n.
1420 2016 1528 2055 1513.

201 2089 277 2117 see.
312 2078 375 2116 Xl.
406 2078 479 2116 vid.
510 2078 625 2118 Halm.
655 2090 688 2128 p.
721 2079 777 2117 16.
804 2090 862 2128 sq.
890 2080 981 2127 (Pal.
1018 2082 1068 2128 1.)
1097 2081 1140 2128 1))
1158 2081 1351 2120 Palatinus
1368 2093 1404 2124 n.
1427 2083 1536 2122 1525.

205 2158 281 2184 sec.
307 2145 385 2183 XV.
415 2146 463 2184 cf.
491 2146 607 2184 Halm.
636 2157 670 2194 p.
703 2147 759 2184 17.
789 2146 881 2195 (Pal.
911 2148 981 2193 2.).

323 2212 373 2248 ad
400 2212 573 2249 Catonem
595 2211 773 2250 maiorem
807 2212 982 2251 Alfredus
1010 2213 1272 2253 Fleckeisenus
1310 2214 1355 2252 ab
1388 2215 1533 2254 Halmio

201 2288 281 2316 mea
308 2288 419 2316 causa
448 2283 602 2328 rogatus
631 2291 677 2317 ex
703 2279 878 2329 locupleti
912 2291 979 2318 suo
1008 2284 1044 2318 et
1073 2280 1210 2329 optimo
1232 2284 1408 2329 apparatu
1434 2292 1530 2330 quae

200 2344 287 2383 mihi
318 2344 399 2382 usui
427 2349 552 2383 essent
581 2350 754 2395 excerpta
782 2347 983 2396 impertivit
1009 2346 1225 2386 liberaliter.
1280 2347 1370 2385 Sunt
1410 2352 1531 2387 autem

199 2412 236 2448 hi
261 2411 367 2448 libri:

301 2482 341 2524 a)
377 2475 571 2514 Parisinus
604 2477 716 2517 6332.
753 2490 829 2518 sec.
870 2479 934 2517 1Χ.
971 2479 1067 2518 idem
1107 2489 1213 2529 quem
1248 2480 1440 2519 nominavi
1485 2482 1531 2520 ad

200 2544 444 2592 quaestiones
471 2545 709 2583 Tusculanas.
750 2558 772 2584 e
800 2536 1079 2595 quH‘Catonem
1122 2546 1300 2585 maiorem
1338 2550 1423 2597 post
1449 2547 1543 2586 Ber-
