1708 2956
769 107 997 143 —4-

231 215 316 254 tius.
379 213 523 253 Etenim
561 213 827 252 Camenarum·
853 215 972 253 forma
1011 216 1120 253 Ennii
1153 214 1278 253 versui
1316 212 1494 264 debetur,
1532 226 1553 252 a

221 280 392 320 Varrone
417 283 457 319 ut
484 280 625 322 assolet
650 284 811 319 servata.
866 280 973 327 Quod
999 294 1019 320 a
1047 280 1245 333 Spengelio
1267 284 1370 320 recte
1398 292 1554 333 perspe-

228 353 324 387 ctum
349 349 592 399 praefationis
621 360 654 398 p.
682 349 756 387 LX.
788 348 954 400 neglexit
981 361 1063 387 cum
1087 350 1170 389 aliis
1184 340 1376 398 Adolphus
1390 350 1553 389 Kochius

221 424 325 452 meus
353 414 669 452 Exercitationum
706 426 740 464 p.
776 416 825 463 5.,
864 415 967 452 cuius
1008 426 1084 452 non
1120 416 1312 466 inelegans
1344 415 1552 453 emendatio

221 482 293 520 hac
321 482 468 520 ratione
493 482 621 531 nequit
649 482 813 530 probari.
869 482 943 520 Sed
979 486 1019 518 ut
1045 482 1117 520 iam
1155 483 1302 530 dicam,
1332 486 1555 530 quapropter

219 548 323 586 attuli
347 548 445 586 hunc
469 554 618 586 versum
633 576 644 596 ,
677 548 715 584 in
742 547 800 584 his
838 558 950 584 nosce
971 558 1045 584 nos
1072 559 1154 585 esse
1179 549 1234 594 (h.
1263 561 1296 587 e.
1318 555 1453 602 nosqe)
1473 560 1555 585 ma-

217 614 499 653 nifestissimum
531 625 605 665 ego
634 612 908 664 dittographiae
936 614 1143 663 exemplum
1172 627 1352 665 agnosco.
1407 613 1454 651 Ut
1478 625 1554 652 non

216 680 301 718 usui
328 680 377 717 sit
402 680 579 718 alterutra
623 679 833 727 corruptela
870 684 1114 728 (corruptum
1143 681 1240 718 enim
1266 685 1478 730 utrumque)
1507 680 1554 718 ad

217 745 490 785 emendandum
516 757 666 784 versum
689 756 796 795 quern
823 745 919 783 haud
948 746 1028 783 s'cio
1057 757 1105 784 an
1131 746 1273 785 Ennius
1289 748 1346 785 sic
1363 746 1556 796 scripserit

215 823 346 850 musae
384 823 479 862 quas
509 816 714 850 memorant
754 812 866 860 Grai,
906 822 975 849 nos
1013 811 1279 851 Casmenarum
1318 814 1400 852 sive
1437 813 1553 851 mavis

217 891 312 930 quas
338 880 432 918 Grai
456 885 670 918 memorant.
724 880 798 918 Sed
822 880 916 918 haec
940 880 977 917 in
1005 883 1236 918 transcursu.

345 948 466 999 Pergo
494 946 541 984 ad
569 946 747 995 relicuos,
776 946 907 995 quibus
935 945 1043 984 Ennii
1059 947 1236 996 reliquias
1252 944 1443 994 debemus,
1459 947 1556 985 scri-

217 1017 357 1061 ptores.
393 1013 451 1049 Ac
465 1012 614 1049 tertium
642 1012 796 1049 nomino
825 1022 919 1059 eum,
951 1012 1013 1060 qui
1039 1012 1072 1049 si
1099 1015 1230 1049 cuncta
1255 1012 1365 1049 Ennii
1391 1013 1555 1050 carmina

220 1083 367 1129 spectas
393 1079 492 1116 inter
509 1089 638 1117 omnes
655 1071 809 1127 plufima
830 1078 1040 1129 fragmenta
1060 1078 1236 1126 servavit,
1263 1078 1555 1117 Ciceronem.

216 1145 258 1183 ln
276 1154 349 1194 quo
374 1145 541 1194 quamvis
560 1145 661 1183 multi
687 1156 756 1194 per
783 1144 993 1183 diuturnum
1012 1147 1154 1193 tempus
1175 1154 1326 1193 operam
1339 1148 1375 1182 et
1390 1144 1556 1183 laborem

218 1210 500 1258 collocaverint,
516 1214 640 1248 tamen
655 1211 765 1248 etiam
785 1210 900 1248 hodie
917 1210 1150 1248 desideratur
1168 1210 1348 1248 librorum
1363 1210 1559 1248 Ciceroni-

219 1281 374 1316 anorum
390 1277 505 1316 editio
519 1278 708 1326 universa,
725 1278 763 1315 in
782 1288 854 1327 qua
877 1278 922 1316 ad
938 1277 1272 1327 manuscriptorum
1298 1276 1556 1318 auctoritatem

217 1344 414 1393 scriptoris
446 1344 560 1382 verba
589 1349 763 1382 accurate
800 1345 1008 1382 examinata
1044 1345 1129 1384 sint.
1182 1345 1261 1381 Nec
1299 1344 1397 1381 enim
1427 1344 1556 1381 Orellii

217 1409 351 1448 librum
379 1410 600 1449 satisfacere
627 1410 713 1448 huic
743 1410 932 1449 desiderio
963 1410 1057 1448 sciet
1083 1410 1144 1459 qui
1169 1413 1205 1448 et
1228 1410 1332 1448 novit
1356 1409 1556 1448 editionem

218 1477 317 1515 illam
343 1481 380 1515 et
407 1478 495 1526 quid
525 1478 564 1514 in
592 1478 665 1514 hoc
692 1489 833 1526 genere
861 1478 996 1514 debeat
1026 1477 1210 1524 praestari
1232 1476 1373 1513 didicit.
1417 1478 1557 1524 Nempe

219 1553 350 1593 parum
371 1540 446 1582 hoc
471 1543 572 1582 iuvat
589 1543 702 1592 scire,
719 1542 806 1597 quid
823 1542 940 1581 cuivis
961 1553 1008 1581 ex
1028 1541 1213 1581 editorum
1226 1540 1339 1593 vulgo
1357 1541 1555 1593 scripsisse

219 1609 441 1647 Ciceronem
469 1610 663 1658 placuerit,
693 1611 866 1658 quoniam
896 1620 971 1647 non
1000 1621 1047 1647 ex
1075 1610 1230 1647 aliorum
1256 1609 1379 1657 potius
1408 1610 1557 1658 opinio-

218 1675 328 1713 nibus
357 1686 465 1724 quam
494 1687 516 1713 e
540 1679 707 1713 veterum
735 1675 913 1713 librorum
942 1674 1015 1713 fide
1039 1675 1177 1724 pendet
1201 1675 1296 1712 iusta
1326 1675 1446 1712 crisis.
1486 1674 1559 1713 Sed

222 1740 271 1779 de
298 1741 483 1779 Cicerone
512 1742 637 1780 omnia
654 1741 811 1793 egregia
832 1741 1062 1790 expectanda
1081 1745 1166 1779 sunt
1181 1742 1226 1780 ab
1246 1743 1361 1780 altera
1378 1743 1556 1790 editione,

222 1818 332 1857 quam
377 1807 587 1846 incohatam
637 1808 683 1845 ab
722 1807 863 1846 Orellio
904 1807 1169 1845 absolvendam
1208 1808 1363 1846 Carolus
1396 1807 1558 1847 Halmius

221 1875 398 1924 suscepit.
455 1876 559 1920 Quae
584 1887 665 1913 cum
693 1876 742 1913 ita
771 1879 909 1922 essent,
939 1875 1217 1923 exoptatissime
1244 1876 1332 1913 mihi
1356 1880 1392 1914 et
1421 1887 1559 1925 operae

221 1951 327 1979 meae
353 1941 653 1979 fructuosissime
670 1952 737 1990 per
753 1940 984 1978 Fridericum
1001 1940 1254 1989 Ritschelium‚
1277 1945 1558 1990 praeceptorem

222 2019 345 2046 meum
383 2008 584 2058 insigniter
624 2008 771 2046 deme
808 2009 978 2046 meritum
1007 2008 1143 2047 sactum
1171 2013 1251 2057 est,
1293 2014 1332 2047 ut
1370 2021 1452 2047 cum
1486 2009 1558 2047 alia

221 2075 555 2124 manuscriptorum
583 2074 794 2112 adiumenta
811 2102 822 2122 ,
862 2074 909 2112 de
942 2074 1072 2123 quibus
1106 2074 1203 2112 infra
1233 2074 1367 2123 dicam,
1392 2075 1429 2111 in
1457 2086 1558 2113 meas

222 2152 353 2179 manus
382 2141 565 2189 venirent,
595 2145 669 2179 tum
699 2141 908 2180 Carolus
943 2141 1169 2180 Halmius
1201 2142 1259 2179 vir
1277 2142 1558 2190 praestantissi-

224 2219 304 2246 mus
331 2220 378 2247 ex
403 2208 602 2247 uberrimis
638 2209 716 2246 suis
751 2208 798 2246 ad
827 2208 1049 2246 Ciceronem
1076 2207 1253 2246 subsidiis
1283 2219 1377 2257 quae
1407 2209 1452 2247 ad
1480 2208 1559 2246 En-

223 2274 323 2312 nium
354 2274 588 2323 pertinerent
606 2275 741 2312 eximia
769 2274 991 2313 liberalitate
1019 2273 1065 2311 ad
1097 2285 1155 2312 me
1187 2276 1461 2314 transmitteret.
1508 2275 1561 2311 Ea

221 2341 294 2380 iam
322 2340 538 2392 singillatim
562 2341 797 2380 recensebo:

344 2407 389 2444 de
427 2407 674 2444 divinatione:
715 2415 755 2455 a)
804 2406 1112 2454 vindobonensis,
1156 2407 1277 2444 codex
1312 2405 1578 2455 philologicus‘

222 2471 357 2511 latinus
403 2483 485 2511 nro.
520 2472 602 2511 189.
640 2473 709 2520 (cf.
742 2472 958 2510 Endlicheri
995 2472 1110 2511 Index
1143 2484 1179 2510 n.
1208 2473 1279 2511 LV.
1313 2483 1348 2521 p.
1376 2465 1441 2509 ²26.
1470 2477 1559 2520 sq.),

226 2549 336 2590 quem
361 2539 495 2578 librum
526 2540 689 2605 omnium
716 2550 867 2578 suorum
897 2539 1072 2587 optimum
1101 2549 1186 2577 esse
1214 2537 1379 2575 Halmius
1407 2537 1563 2576 affirmat
