<?xml version="1.0" encoding="UTF-8"?>
<!DOCTYPE html PUBLIC "-//W3C//DTD XHTML 1.0 Transitional//EN"
    "http://www.w3.org/TR/xhtml1/DTD/xhtml1-transitional.dtd">
<html xmlns="http://www.w3.org/1999/xhtml" xml:lang="en" lang="en">
 <head>
  <title>
</title>
<meta http-equiv="Content-Type" content="text/html;charset=utf-8" />
  <meta name='ocr-system' content='tesseract 3.04.00' />
  <meta name='ocr-capabilities' content='ocr_page ocr_carea ocr_par ocr_line ocrx_word'/>
</head>
<body>
  <div class='ocr_page' id='page_1' title='image "4738093_0026.png"; bbox 0 0 1708 2956; ppageno 0'>
   <div class='ocr_carea' id='block_1_1' title="bbox 756 105 1065 153">
    <p class='ocr_par' dir='ltr' id='par_1_1' title="bbox 756 105 1065 153">
     <span class='ocr_line' id='line_1_1' title="bbox 756 105 1065 153; baseline 0.003 -8"><span class='ocrx_word' id='word_1_1' title='bbox 756 105 1065 153; x_wconf 13' lang='lat' dir='ltr'>—15—v</span> 
     </span>
    </p>
   </div>
   <div class='ocr_carea' id='block_1_2' title="bbox 212 213 1563 2584">
    <p class='ocr_par' dir='ltr' id='par_1_2' title="bbox 212 213 1553 1721">
     <span class='ocr_line' id='line_1_2' title="bbox 212 213 1547 265; baseline -0.004 -8"><span class='ocrx_word' id='word_1_2' title='bbox 212 218 420 257; x_wconf 82' lang='lat' dir='ltr'>Ennianum</span> <span class='ocrx_word' id='word_1_3' title='bbox 456 220 512 256; x_wconf 89' lang='lat' dir='ltr'>est</span> <span class='ocrx_word' id='word_1_4' title='bbox 541 215 640 265; x_wconf 89' lang='lat' dir='ltr'>quod</span> <span class='ocrx_word' id='word_1_5' title='bbox 669 214 800 254; x_wconf 81' lang='lat' dir='ltr'>afferat</span> <span class='ocrx_word' id='word_1_6' title='bbox 831 217 963 264; x_wconf 89' lang='lat' dir='ltr'>aliquis</span> <span class='ocrx_word' id='word_1_7' title='bbox 991 215 1160 263; x_wconf 77' lang='lat' dir='ltr'>auspicio</span> <span class='ocrx_word' id='word_1_8' title='bbox 1186 213 1289 262; x_wconf 72' lang='lat' dir='ltr'>requi</span> <span class='ocrx_word' id='word_1_9' title='bbox 1315 213 1547 262; x_wconf 78' lang='lat' dir='ltr'><em>stabilitaque</em></span> 
     </span>
     <span class='ocr_line' id='line_1_3' title="bbox 217 268 1547 331; baseline -0.002 -10"><span class='ocrx_word' id='word_1_10' title='bbox 217 295 371 321; x_wconf 80' lang='lat' dir='ltr'>scamna</span> <span class='ocrx_word' id='word_1_11' title='bbox 397 284 596 331; x_wconf 81' lang='lat' dir='ltr'>solumque.</span> <span class='ocrx_word' id='word_1_12' title='bbox 626 282 673 319; x_wconf 87' lang='lat' dir='ltr'>cf.</span> <span class='ocrx_word' id='word_1_13' title='bbox 695 282 753 319; x_wconf 92' lang='lat' dir='ltr'>ed.</span> <span class='ocrx_word' id='word_1_14' title='bbox 774 268 872 331; x_wconf 75' lang='lat' dir='ltr'>Lips.</span> <span class='ocrx_word' id='word_1_15' title='bbox 894 294 928 330; x_wconf 90' lang='lat' dir='ltr'>p.</span> <span class='ocrx_word' id='word_1_16' title='bbox 950 283 1009 320; x_wconf 78' lang='lat'>24.</span> <span class='ocrx_word' id='word_1_17' title='bbox 1039 283 1075 318; x_wconf 92' lang='lat' dir='ltr'>in</span> <span class='ocrx_word' id='word_1_18' title='bbox 1100 282 1204 319; x_wconf 87' lang='lat' dir='ltr'>libris</span> <span class='ocrx_word' id='word_1_19' title='bbox 1231 282 1327 319; x_wconf 91' lang='lat' dir='ltr'>enim</span> <span class='ocrx_word' id='word_1_20' title='bbox 1355 281 1547 319; x_wconf 87' lang='lat' dir='ltr'>Ciceronis</span> 
     </span>
     <span class='ocr_line' id='line_1_4' title="bbox 217 346 1548 398; baseline -0.002 -11"><span class='ocrx_word' id='word_1_21' title='bbox 217 349 263 387; x_wconf 89' lang='lat' dir='ltr'>de</span> <span class='ocrx_word' id='word_1_22' title='bbox 278 349 391 387; x_wconf 91' lang='lat' dir='ltr'>divin.</span> <span class='ocrx_word' id='word_1_23' title='bbox 409 350 435 397; x_wconf 86' lang='grc' dir='ltr'>Ι,</span> <span class='ocrx_word' id='word_1_24' title='bbox 451 349 513 396; x_wconf 83' lang='grc'>48,</span> <span class='ocrx_word' id='word_1_25' title='bbox 533 349 616 386; x_wconf 87' lang='grc'>108.</span> <span class='ocrx_word' id='word_1_26' title='bbox 636 347 811 396; x_wconf 79' lang='lat' dir='ltr'>stabilita,</span> <span class='ocrx_word' id='word_1_27' title='bbox 827 348 926 397; x_wconf 93' lang='lat' dir='ltr'>quod</span> <span class='ocrx_word' id='word_1_28' title='bbox 943 358 1017 385; x_wconf 93' lang='lat' dir='ltr'>non</span> <span class='ocrx_word' id='word_1_29' title='bbox 1037 351 1123 398; x_wconf 87' lang='lat' dir='ltr'>eget</span> <span class='ocrx_word' id='word_1_30' title='bbox 1133 347 1404 385; x_wconf 88' lang='lat' dir='ltr'>emendatione.</span> <span class='ocrx_word' id='word_1_31' title='bbox 1429 346 1548 385; x_wconf 88' lang='lat' dir='ltr'>Muel-</span> 
     </span>
     <span class='ocr_line' id='line_1_5' title="bbox 214 401 1548 466; baseline -0.004 -11"><span class='ocrx_word' id='word_1_32' title='bbox 214 417 313 455; x_wconf 88' lang='lat' dir='ltr'>lerus</span> <span class='ocrx_word' id='word_1_33' title='bbox 344 418 458 466; x_wconf 84' lang='lat' dir='ltr'>igitur</span> <span class='ocrx_word' id='word_1_34' title='bbox 484 401 865 463; x_wconf 74' lang='lat' dir='ltr'>Enniumscripsisse</span> <span class='ocrx_word' id='word_1_35' title='bbox 903 414 1111 462; x_wconf 88' lang='lat' dir='ltr'>suspicatur</span> <span class='ocrx_word' id='word_1_36' title='bbox 1139 414 1251 451; x_wconf 29' lang='lat' dir='ltr'>Attea.</span> <span class='ocrx_word' id='word_1_37' title='bbox 1272 415 1370 451; x_wconf 84' lang='lat' dir='ltr'>elata</span> <span class='ocrx_word' id='word_1_38' title='bbox 1405 414 1548 462; x_wconf 80' lang='lat' dir='ltr'>petris-</span> 
     </span>
     <span class='ocr_line' id='line_1_6' title="bbox 215 479 1548 532; baseline -0.002 -12"><span class='ocrx_word' id='word_1_39' title='bbox 215 494 284 531; x_wconf 84' lang='lat' dir='ltr'>que</span> <span class='ocrx_word' id='word_1_40' title='bbox 310 482 513 532; x_wconf 71' lang='lat' dir='ltr'>inqentibus</span> <span class='ocrx_word' id='word_1_41' title='bbox 538 485 643 518; x_wconf 77' lang='lat' dir='ltr'>tecta.</span> <span class='ocrx_word' id='word_1_42' title='bbox 699 481 755 518; x_wconf 88' lang='lat' dir='ltr'>Ac</span> <span class='ocrx_word' id='word_1_43' title='bbox 794 490 884 517; x_wconf 85' lang='lat' dir='ltr'>vero</span> <span class='ocrx_word' id='word_1_44' title='bbox 918 479 1012 517; x_wconf 89' lang='lat' dir='ltr'>lenis</span> <span class='ocrx_word' id='word_1_45' title='bbox 1050 479 1143 518; x_wconf 90' lang='lat' dir='ltr'>haec</span> <span class='ocrx_word' id='word_1_46' title='bbox 1175 480 1386 528; x_wconf 83' lang='lat' dir='ltr'>medicina3</span> <span class='ocrx_word' id='word_1_47' title='bbox 1426 484 1548 518; x_wconf 85' lang='lat' dir='ltr'>tamen</span> 
     </span>
     <span class='ocr_line' id='line_1_7' title="bbox 213 547 1549 596; baseline -0.001 -9"><span class='ocrx_word' id='word_1_48' title='bbox 213 550 321 587; x_wconf 87' lang='lat' dir='ltr'>valde</span> <span class='ocrx_word' id='word_1_49' title='bbox 347 561 405 587; x_wconf 91' lang='lat' dir='ltr'>me</span> <span class='ocrx_word' id='word_1_50' title='bbox 433 548 556 586; x_wconf 90' lang='lat' dir='ltr'>iudice</span> <span class='ocrx_word' id='word_1_51' title='bbox 574 547 793 585; x_wconf 82' lang='lat' dir='ltr'>dubitationi</span> <span class='ocrx_word' id='word_1_52' title='bbox 810 547 984 585; x_wconf 87' lang='lat' dir='ltr'>obnoxia.</span> <span class='ocrx_word' id='word_1_53' title='bbox 1015 547 1122 585; x_wconf 88' lang='lat' dir='ltr'>Extat</span> <span class='ocrx_word' id='word_1_54' title='bbox 1141 547 1287 595; x_wconf 90' lang='lat' dir='ltr'>quidem</span> <span class='ocrx_word' id='word_1_55' title='bbox 1304 558 1376 596; x_wconf 87' lang='lat' dir='ltr'>quo</span> <span class='ocrx_word' id='word_1_56' title='bbox 1392 547 1549 586; x_wconf 89' lang='lat' dir='ltr'>Muelle-</span> 
     </span>
     <span class='ocr_line' id='line_1_8' title="bbox 213 610 1546 662; baseline -0.004 -9"><span class='ocrx_word' id='word_1_57' title='bbox 213 626 276 653; x_wconf 92' lang='lat' dir='ltr'>rus</span> <span class='ocrx_word' id='word_1_58' title='bbox 302 616 415 652; x_wconf 87' lang='lat' dir='ltr'>utitur</span> <span class='ocrx_word' id='word_1_59' title='bbox 448 611 649 662; x_wconf 80' lang='lat' dir='ltr'>facilumed</span> <span class='ocrx_word' id='word_1_60' title='bbox 681 611 720 648; x_wconf 90' lang='lat' dir='ltr'>in</span> <span class='ocrx_word' id='word_1_61' title='bbox 746 611 903 650; x_wconf 89' lang='lat' dir='ltr'>Senatus</span> <span class='ocrx_word' id='word_1_62' title='bbox 937 611 1113 649; x_wconf 86' lang='lat' dir='ltr'><strong>Consulto</strong></span> <span class='ocrx_word' id='word_1_63' title='bbox 1154 610 1200 648; x_wconf 88' lang='lat' dir='ltr'>de</span> <span class='ocrx_word' id='word_1_64' title='bbox 1239 611 1546 658; x_wconf 79' lang='lat' dir='ltr'>Bacchanalibus,</span> 
     </span>
     <span class='ocr_line' id='line_1_9' title="bbox 216 676 1546 730; baseline -0.003 -12"><span class='ocrx_word' id='word_1_65' title='bbox 216 681 314 730; x_wconf 88' lang='lat' dir='ltr'>quod</span> <span class='ocrx_word' id='word_1_66' title='bbox 333 680 452 730; x_wconf 79' lang='lat' dir='ltr'>Ennio</span> <span class='ocrx_word' id='word_1_67' title='bbox 480 679 567 716; x_wconf 91' lang='lat' dir='ltr'>vivo</span> <span class='ocrx_word' id='word_1_68' title='bbox 593 690 637 716; x_wconf 88' lang='lat' dir='ltr'>ac</span> <span class='ocrx_word' id='word_1_69' title='bbox 666 677 823 715; x_wconf 86' lang='lat' dir='ltr'>florente</span> <span class='ocrx_word' id='word_1_70' title='bbox 853 676 1096 726; x_wconf 91' lang='lat' dir='ltr'>compositum</span> <span class='ocrx_word' id='word_1_71' title='bbox 1124 680 1191 714; x_wconf 87' lang='lat' dir='ltr'>est.</span> <span class='ocrx_word' id='word_1_72' title='bbox 1245 676 1381 715; x_wconf 91' lang='lat' dir='ltr'>Verum</span> <span class='ocrx_word' id='word_1_73' title='bbox 1409 676 1481 716; x_wconf 88' lang='lat' dir='ltr'>alia</span> <span class='ocrx_word' id='word_1_74' title='bbox 1508 677 1546 714; x_wconf 93' lang='lat' dir='ltr'>in</span> 
     </span>
     <span class='ocr_line' id='line_1_10' title="bbox 215 743 1548 796; baseline -0.004 -11"><span class='ocrx_word' id='word_1_75' title='bbox 215 747 373 796; x_wconf 86' lang='lat' dir='ltr'>publicis</span> <span class='ocrx_word' id='word_1_76' title='bbox 400 745 645 783; x_wconf 82' lang='lat' dir='ltr'>monumentis</span> <span class='ocrx_word' id='word_1_77' title='bbox 675 744 852 791; x_wconf 81' lang='lat' dir='ltr'>obtinent,</span> <span class='ocrx_word' id='word_1_78' title='bbox 889 744 1109 792; x_wconf 87' lang='lat' dir='ltr'>scriptorum</span> <span class='ocrx_word' id='word_1_79' title='bbox 1140 754 1210 780; x_wconf 91' lang='lat' dir='ltr'>usu</span> <span class='ocrx_word' id='word_1_80' title='bbox 1237 743 1307 781; x_wconf 87' lang='lat' dir='ltr'>alia</span> <span class='ocrx_word' id='word_1_81' title='bbox 1334 744 1548 792; x_wconf 82' lang='lat' dir='ltr'>probantur.</span> 
     </span>
     <span class='ocr_line' id='line_1_11' title="bbox 215 810 1549 864; baseline -0.002 -14"><span class='ocrx_word' id='word_1_82' title='bbox 215 814 260 851; x_wconf 93' lang='lat' dir='ltr'>Ut</span> <span class='ocrx_word' id='word_1_83' title='bbox 288 813 431 861; x_wconf 87' lang='lat' dir='ltr'>ineptus</span> <span class='ocrx_word' id='word_1_84' title='bbox 454 812 513 859; x_wconf 88' lang='lat' dir='ltr'>sit,</span> <span class='ocrx_word' id='word_1_85' title='bbox 543 812 603 860; x_wconf 89' lang='lat' dir='ltr'>qui</span> <span class='ocrx_word' id='word_1_86' title='bbox 624 823 672 849; x_wconf 86' lang='lat' dir='ltr'>ex</span> <span class='ocrx_word' id='word_1_87' title='bbox 700 810 771 848; x_wconf 93' lang='lat' dir='ltr'>illis</span> <span class='ocrx_word' id='word_1_88' title='bbox 799 810 912 864; x_wconf 84' lang='lat' dir='ltr'>hodie</span> <span class='ocrx_word' id='word_1_89' title='bbox 939 811 1142 858; x_wconf 83' lang='lat' dir='ltr'>scriptores</span> <span class='ocrx_word' id='word_1_90' title='bbox 1170 815 1312 848; x_wconf 86' lang='lat' dir='ltr'>temere</span> <span class='ocrx_word' id='word_1_91' title='bbox 1342 815 1549 848; x_wconf 90' lang='lat' dir='ltr'>correctum</span> 
     </span>
     <span class='ocr_line' id='line_1_12' title="bbox 218 876 1550 929; baseline -0.002 -13"><span class='ocrx_word' id='word_1_92' title='bbox 218 882 289 917; x_wconf 90' lang='lat' dir='ltr'>eat.</span> <span class='ocrx_word' id='word_1_93' title='bbox 329 878 374 916; x_wconf 90' lang='lat' dir='ltr'>Et</span> <span class='ocrx_word' id='word_1_94' title='bbox 391 878 508 927; x_wconf 89' lang='lat' dir='ltr'>ipsum</span> <span class='ocrx_word' id='word_1_95' title='bbox 526 877 551 915; x_wconf 85' lang='lat' dir='ltr'>d</span> <span class='ocrx_word' id='word_1_96' title='bbox 565 877 833 929; x_wconf 84' lang='lat' dir='ltr'>paragogicum</span> <span class='ocrx_word' id='word_1_97' title='bbox 858 879 998 915; x_wconf 86' lang='lat' dir='ltr'>mature</span> <span class='ocrx_word' id='word_1_98' title='bbox 1024 877 1137 915; x_wconf 83' lang='lat' dir='ltr'>cessit</span> <span class='ocrx_word' id='word_1_99' title='bbox 1165 876 1422 926; x_wconf 76' lang='lat' dir='ltr'>escriptorum</span> <span class='ocrx_word' id='word_1_100' title='bbox 1455 887 1550 915; x_wconf 92' lang='lat' dir='ltr'>con-</span> 
     </span>
     <span class='ocr_line' id='line_1_13' title="bbox 218 944 1550 994; baseline -0.002 -10"><span class='ocrx_word' id='word_1_101' title='bbox 218 946 424 993; x_wconf 89' lang='lat' dir='ltr'>suetudine,</span> <span class='ocrx_word' id='word_1_102' title='bbox 454 945 600 994; x_wconf 90' lang='lat' dir='ltr'>quando</span> <span class='ocrx_word' id='word_1_103' title='bbox 628 945 771 983; x_wconf 88' lang='lat' dir='ltr'>Plautus</span> <span class='ocrx_word' id='word_1_104' title='bbox 797 944 881 982; x_wconf 83' lang='lat' dir='ltr'>med</span> <span class='ocrx_word' id='word_1_105' title='bbox 904 948 940 982; x_wconf 90' lang='lat' dir='ltr'>et</span> <span class='ocrx_word' id='word_1_106' title='bbox 966 945 1189 982; x_wconf 77' lang='lat' dir='ltr'>tedtantum</span> <span class='ocrx_word' id='word_1_107' title='bbox 1208 945 1346 982; x_wconf 86' lang='lat' dir='ltr'>formas</span> <span class='ocrx_word' id='word_1_108' title='bbox 1365 945 1550 994; x_wconf 85' lang='lat' dir='ltr'>agnoscit.</span> 
     </span>
     <span class='ocr_line' id='line_1_14' title="bbox 220 1010 1550 1060; baseline -0.002 -11"><span class='ocrx_word' id='word_1_109' title='bbox 220 1012 266 1049; x_wconf 84' lang='lat' dir='ltr'>cf.</span> <span class='ocrx_word' id='word_1_110' title='bbox 282 1011 474 1050; x_wconf 88' lang='lat' dir='ltr'>Ritschelii</span> <span class='ocrx_word' id='word_1_111' title='bbox 489 1011 632 1060; x_wconf 84' lang='lat' dir='ltr'>Proleg.</span> <span class='ocrx_word' id='word_1_112' title='bbox 652 1011 689 1047; x_wconf 92' lang='lat' dir='ltr'>in</span> <span class='ocrx_word' id='word_1_113' title='bbox 702 1011 816 1048; x_wconf 90' lang='lat' dir='ltr'>Plauti</span> <span class='ocrx_word' id='word_1_114' title='bbox 829 1010 1078 1047; x_wconf 89' lang='lat' dir='ltr'>Trinummum</span> <span class='ocrx_word' id='word_1_115' title='bbox 1102 1022 1137 1059; x_wconf 88' lang='lat' dir='ltr'>p.</span> <span class='ocrx_word' id='word_1_116' title='bbox 1156 1010 1247 1048; x_wconf 89' lang='lat' dir='ltr'>XCI.</span> <span class='ocrx_word' id='word_1_117' title='bbox 1292 1010 1349 1048; x_wconf 91' lang='lat' dir='ltr'>Ac</span> <span class='ocrx_word' id='word_1_118' title='bbox 1375 1014 1416 1048; x_wconf 90' lang='lat' dir='ltr'>ut</span> <span class='ocrx_word' id='word_1_119' title='bbox 1440 1010 1550 1059; x_wconf 90' lang='lat' dir='ltr'>paulo</span> 
     </span>
     <span class='ocr_line' id='line_1_15' title="bbox 218 1077 1551 1129; baseline -0.002 -12"><span class='ocrx_word' id='word_1_120' title='bbox 218 1079 299 1128; x_wconf 87' lang='lat' dir='ltr'>plus</span> <span class='ocrx_word' id='word_1_121' title='bbox 330 1079 367 1116; x_wconf 92' lang='lat' dir='ltr'>in</span> <span class='ocrx_word' id='word_1_122' title='bbox 395 1079 468 1116; x_wconf 84' lang='lat' dir='ltr'>hoc</span> <span class='ocrx_word' id='word_1_123' title='bbox 497 1089 638 1129; x_wconf 86' lang='lat' dir='ltr'>genere</span> <span class='ocrx_word' id='word_1_124' title='bbox 667 1078 774 1126; x_wconf 92' lang='lat' dir='ltr'>epico</span> <span class='ocrx_word' id='word_1_125' title='bbox 802 1077 957 1115; x_wconf 84' lang='lat' dir='ltr'>carmini</span> <span class='ocrx_word' id='word_1_126' title='bbox 985 1077 1268 1116; x_wconf 90' lang='lat' dir='ltr'>concedendum</span> <span class='ocrx_word' id='word_1_127' title='bbox 1288 1079 1335 1115; x_wconf 90' lang='lat' dir='ltr'>sit</span> <span class='ocrx_word' id='word_1_128' title='bbox 1355 1089 1463 1126; x_wconf 86' lang='lat' dir='ltr'>quam</span> <span class='ocrx_word' id='word_1_129' title='bbox 1482 1088 1551 1115; x_wconf 92' lang='lat' dir='ltr'>co-</span> 
     </span>
     <span class='ocr_line' id='line_1_16' title="bbox 219 1143 1551 1193; baseline -0.001 -12"><span class='ocrx_word' id='word_1_130' title='bbox 219 1145 391 1182; x_wconf 89' lang='lat' dir='ltr'>moediae</span> <span class='ocrx_word' id='word_1_131' title='bbox 416 1144 536 1192; x_wconf 89' lang='lat' dir='ltr'>poetis</span> <span class='ocrx_word' id='word_1_132' title='bbox 562 1144 694 1192; x_wconf 85' lang='lat' dir='ltr'>quippe</span> <span class='ocrx_word' id='word_1_133' title='bbox 721 1143 911 1193; x_wconf 87' lang='lat' dir='ltr'>vulgarem</span> <span class='ocrx_word' id='word_1_134' title='bbox 938 1154 1043 1180; x_wconf 92' lang='lat' dir='ltr'>usum</span> <span class='ocrx_word' id='word_1_135' title='bbox 1058 1144 1298 1191; x_wconf 82' lang='lat' dir='ltr'>sectantibus,</span> <span class='ocrx_word' id='word_1_136' title='bbox 1327 1147 1449 1182; x_wconf 87' lang='lat' dir='ltr'>tamen</span> <span class='ocrx_word' id='word_1_137' title='bbox 1476 1154 1551 1182; x_wconf 93' lang='lat' dir='ltr'>non</span> 
     </span>
     <span class='ocr_line' id='line_1_17' title="bbox 219 1209 1549 1259; baseline 0.001 -12"><span class='ocrx_word' id='word_1_138' title='bbox 219 1210 320 1259; x_wconf 91' lang='lat' dir='ltr'>prius</span> <span class='ocrx_word' id='word_1_139' title='bbox 339 1210 427 1247; x_wconf 90' lang='lat' dir='ltr'>illud</span> <span class='ocrx_word' id='word_1_140' title='bbox 446 1210 625 1259; x_wconf 87' lang='lat' dir='ltr'>probabo,</span> <span class='ocrx_word' id='word_1_141' title='bbox 645 1220 751 1259; x_wconf 87' lang='lat' dir='ltr'>quam</span> <span class='ocrx_word' id='word_1_142' title='bbox 775 1209 883 1247; x_wconf 86' lang='lat' dir='ltr'>aliam</span> <span class='ocrx_word' id='word_1_143' title='bbox 900 1209 997 1248; x_wconf 88' lang='lat' dir='ltr'>viam</span> <span class='ocrx_word' id='word_1_144' title='bbox 1013 1209 1237 1249; x_wconf 90' lang='lat' dir='ltr'>emendandi</span> <span class='ocrx_word' id='word_1_145' title='bbox 1255 1220 1400 1248; x_wconf 88' lang='lat' dir='ltr'>omnem</span> <span class='ocrx_word' id='word_1_146' title='bbox 1419 1210 1549 1248; x_wconf 90' lang='lat' dir='ltr'>occlu-</span> 
     </span>
     <span class='ocr_line' id='line_1_18' title="bbox 219 1265 1551 1324; baseline 0 -11"><span class='ocrx_word' id='word_1_147' title='bbox 219 1288 298 1314; x_wconf 86' lang='lat' dir='ltr'>sam</span> <span class='ocrx_word' id='word_1_148' title='bbox 334 1287 419 1314; x_wconf 87' lang='lat' dir='ltr'>esse</span> <span class='ocrx_word' id='word_1_149' title='bbox 459 1277 603 1313; x_wconf 90' lang='lat' dir='ltr'>videro.</span> <span class='ocrx_word' id='word_1_150' title='bbox 659 1277 708 1312; x_wconf 87' lang='lat' dir='ltr'>At</span> <span class='ocrx_word' id='word_1_151' title='bbox 734 1276 773 1312; x_wconf 91' lang='lat' dir='ltr'>in</span> <span class='ocrx_word' id='word_1_152' title='bbox 799 1279 969 1323; x_wconf 89' lang='lat' dir='ltr'>promptu</span> <span class='ocrx_word' id='word_1_153' title='bbox 995 1280 1051 1312; x_wconf 91' lang='lat' dir='ltr'>est</span> <span class='ocrx_word' id='word_1_154' title='bbox 1095 1265 1303 1313; x_wconf 73' lang='lat' dir='ltr'>emendatio</span> <span class='ocrx_word' id='word_1_155' title='bbox 1339 1287 1447 1324; x_wconf 82' lang='lat' dir='ltr'>quam</span> <span class='ocrx_word' id='word_1_156' title='bbox 1490 1275 1551 1313; x_wconf 88' lang='lat' dir='ltr'>vel</span> 
     </span>
     <span class='ocr_line' id='line_1_19' title="bbox 218 1340 1553 1391; baseline 0 -13"><span class='ocrx_word' id='word_1_157' title='bbox 218 1352 286 1389; x_wconf 89' lang='lat' dir='ltr'>per</span> <span class='ocrx_word' id='word_1_158' title='bbox 315 1352 356 1379; x_wconf 92' lang='lat' dir='ltr'>se</span> <span class='ocrx_word' id='word_1_159' title='bbox 384 1341 498 1378; x_wconf 88' lang='lat' dir='ltr'>credo</span> <span class='ocrx_word' id='word_1_160' title='bbox 530 1341 648 1391; x_wconf 85' lang='lat' dir='ltr'>magis</span> <span class='ocrx_word' id='word_1_161' title='bbox 677 1340 942 1378; x_wconf 89' lang='lat' dir='ltr'>commendari.</span> <span class='ocrx_word' id='word_1_162' title='bbox 999 1341 1142 1378; x_wconf 89' lang='lat' dir='ltr'>Etenim</span> <span class='ocrx_word' id='word_1_163' title='bbox 1165 1341 1238 1379; x_wconf 88' lang='lat' dir='ltr'>hoc</span> <span class='ocrx_word' id='word_1_164' title='bbox 1268 1341 1417 1390; x_wconf 86' lang='lat' dir='ltr'>scripsit</span> <span class='ocrx_word' id='word_1_165' title='bbox 1442 1344 1553 1390; x_wconf 88' lang='lat' dir='ltr'>poeta</span> 
     </span>
     <span class='ocr_line' id='line_1_20' title="bbox 222 1407 1552 1458; baseline 0.002 -13"><span class='ocrx_word' id='word_1_166' title='bbox 222 1408 304 1445; x_wconf 80' lang='lat' dir='ltr'>Alte</span> <span class='ocrx_word' id='word_1_167' title='bbox 349 1408 448 1445; x_wconf 86' lang='lat' dir='ltr'>elata</span> <span class='ocrx_word' id='word_1_168' title='bbox 491 1407 586 1445; x_wconf 79' lang='lat' dir='ltr'>iacet</span> <span class='ocrx_word' id='word_1_169' title='bbox 628 1407 820 1456; x_wconf 78' lang='lat' dir='ltr'>petrisque</span> <span class='ocrx_word' id='word_1_170' title='bbox 862 1407 1066 1456; x_wconf 72' lang='lat' dir='ltr'>inqentibus</span> <span class='ocrx_word' id='word_1_171' title='bbox 1112 1412 1217 1446; x_wconf 78' lang='lat' dir='ltr'>tecta.</span> <span class='ocrx_word' id='word_1_172' title='bbox 1296 1409 1552 1458; x_wconf 88' lang='lat' dir='ltr'>Corruptionis</span> 
     </span>
     <span class='ocr_line' id='line_1_21' title="bbox 219 1474 1552 1523; baseline 0.001 -12"><span class='ocrx_word' id='word_1_173' title='bbox 219 1475 315 1511; x_wconf 86' lang='lat' dir='ltr'>ratio</span> <span class='ocrx_word' id='word_1_174' title='bbox 344 1474 381 1511; x_wconf 92' lang='lat' dir='ltr'>in</span> <span class='ocrx_word' id='word_1_175' title='bbox 405 1474 609 1522; x_wconf 82' lang='lat' dir='ltr'>propatulo.</span> <span class='ocrx_word' id='word_1_176' title='bbox 657 1475 695 1511; x_wconf 78' lang='lat' dir='ltr'>ia</span> <span class='ocrx_word' id='word_1_177' title='bbox 723 1474 820 1511; x_wconf 90' lang='lat' dir='ltr'>enim</span> <span class='ocrx_word' id='word_1_178' title='bbox 848 1474 988 1522; x_wconf 86' lang='lat' dir='ltr'>syllaba</span> <span class='ocrx_word' id='word_1_179' title='bbox 1006 1474 1179 1522; x_wconf 89' lang='lat' dir='ltr'>absorpta</span> <span class='ocrx_word' id='word_1_180' title='bbox 1208 1487 1229 1512; x_wconf 91' lang='lat' dir='ltr'>a</span> <span class='ocrx_word' id='word_1_181' title='bbox 1254 1479 1294 1511; x_wconf 75' lang='lat' dir='ltr'>ta</span> <span class='ocrx_word' id='word_1_182' title='bbox 1318 1475 1398 1513; x_wconf 86' lang='lat' dir='ltr'>fere</span> <span class='ocrx_word' id='word_1_183' title='bbox 1424 1479 1552 1523; x_wconf 90' lang='lat' dir='ltr'>suapte</span> 
     </span>
     <span class='ocr_line' id='line_1_22' title="bbox 220 1540 1553 1589; baseline 0.002 -11"><span class='ocrx_word' id='word_1_184' title='bbox 220 1544 350 1588; x_wconf 89' lang='lat' dir='ltr'>sponte</span> <span class='ocrx_word' id='word_1_185' title='bbox 375 1544 430 1577; x_wconf 85' lang='lat' dir='ltr'>cet</span> <span class='ocrx_word' id='word_1_186' title='bbox 453 1551 535 1578; x_wconf 90' lang='lat' dir='ltr'>cum</span> <span class='ocrx_word' id='word_1_187' title='bbox 558 1540 747 1589; x_wconf 79' lang='lat' dir='ltr'>petrisque</span> <span class='ocrx_word' id='word_1_188' title='bbox 767 1540 903 1578; x_wconf 89' lang='lat' dir='ltr'>coaluit</span> <span class='ocrx_word' id='word_1_189' title='bbox 918 1540 955 1577; x_wconf 91' lang='lat' dir='ltr'>in</span> <span class='ocrx_word' id='word_1_190' title='bbox 977 1540 1189 1589; x_wconf 76' lang='lat' dir='ltr'>ceterisque.</span> <span class='ocrx_word' id='word_1_191' title='bbox 1228 1541 1327 1579; x_wconf 82' lang='lat' dir='ltr'>elata</span> <span class='ocrx_word' id='word_1_192' title='bbox 1344 1545 1463 1580; x_wconf 89' lang='lat' dir='ltr'>autem</span> <span class='ocrx_word' id='word_1_193' title='bbox 1480 1541 1553 1580; x_wconf 87' lang='lat' dir='ltr'>ad-</span> 
     </span>
     <span class='ocr_line' id='line_1_23' title="bbox 221 1607 1553 1655; baseline 0.002 -12"><span class='ocrx_word' id='word_1_194' title='bbox 221 1607 347 1644; x_wconf 92' lang='lat' dir='ltr'>iectivi</span> <span class='ocrx_word' id='word_1_195' title='bbox 372 1608 526 1644; x_wconf 89' lang='lat' dir='ltr'>notione</span> <span class='ocrx_word' id='word_1_196' title='bbox 554 1608 743 1655; x_wconf 86' lang='lat' dir='ltr'>usurpavit</span> <span class='ocrx_word' id='word_1_197' title='bbox 758 1607 961 1645; x_wconf 83' lang='lat' dir='ltr'>Columella</span> <span class='ocrx_word' id='word_1_198' title='bbox 988 1618 1134 1655; x_wconf 88' lang='lat' dir='ltr'>quoque</span> <span class='ocrx_word' id='word_1_199' title='bbox 1149 1608 1191 1654; x_wconf 91' lang='lat' dir='ltr'>ll,</span> <span class='ocrx_word' id='word_1_200' title='bbox 1210 1609 1246 1644; x_wconf 85' lang='lat'>4.</span> <span class='ocrx_word' id='word_1_201' title='bbox 1274 1608 1381 1644; x_wconf 85' lang='lat' dir='ltr'>modo</span> <span class='ocrx_word' id='word_1_202' title='bbox 1407 1608 1445 1644; x_wconf 79' lang='lat' dir='ltr'>in</span> <span class='ocrx_word' id='word_1_203' title='bbox 1470 1608 1553 1645; x_wconf 85' lang='lat' dir='ltr'>ela-</span> 
     </span>
     <span class='ocr_line' id='line_1_24' title="bbox 221 1671 1384 1721; baseline 0.001 -12"><span class='ocrx_word' id='word_1_204' title='bbox 221 1672 331 1719; x_wconf 82' lang='lat' dir='ltr'>tiora,</span> <span class='ocrx_word' id='word_1_205' title='bbox 359 1673 465 1709; x_wconf 86' lang='lat' dir='ltr'>modo</span> <span class='ocrx_word' id='word_1_206' title='bbox 493 1673 530 1709; x_wconf 82' lang='lat' dir='ltr'>in</span> <span class='ocrx_word' id='word_1_207' title='bbox 557 1672 796 1721; x_wconf 81' lang='lat' dir='ltr'>depressiora</span> <span class='ocrx_word' id='word_1_208' title='bbox 822 1673 909 1710; x_wconf 77' lang='lat' dir='ltr'><strong><em>clivi</em></strong></span> <span class='ocrx_word' id='word_1_209' title='bbox 937 1672 998 1721; x_wconf 74' lang='lat' dir='ltr'>aqi</span> <span class='ocrx_word' id='word_1_210' title='bbox 1021 1671 1164 1710; x_wconf 78' lang='lat' dir='ltr'>suecuni</span> <span class='ocrx_word' id='word_1_211' title='bbox 1192 1673 1384 1721; x_wconf 79' lang='lat' dir='ltr'>oportebit.</span> 
     </span>
    </p>

    <p class='ocr_par' dir='ltr' id='par_1_3' title="bbox 223 1738 1563 2584">
     <span class='ocr_line' id='line_1_25' title="bbox 323 1738 1554 1788; baseline 0.001 -13"><span class='ocrx_word' id='word_1_212' title='bbox 323 1739 444 1787; x_wconf 88' lang='lat' dir='ltr'>Atque</span> <span class='ocrx_word' id='word_1_213' title='bbox 458 1738 528 1776; x_wconf 88' lang='lat' dir='ltr'>hac</span> <span class='ocrx_word' id='word_1_214' title='bbox 547 1739 809 1777; x_wconf 89' lang='lat' dir='ltr'>observatione</span> <span class='ocrx_word' id='word_1_215' title='bbox 826 1740 872 1777; x_wconf 89' lang='lat' dir='ltr'>de</span> <span class='ocrx_word' id='word_1_216' title='bbox 888 1739 913 1776; x_wconf 84' lang='lat' dir='ltr'>d</span> <span class='ocrx_word' id='word_1_217' title='bbox 924 1739 1154 1788; x_wconf 81' lang='lat' dir='ltr'>paragogico</span> <span class='ocrx_word' id='word_1_218' title='bbox 1171 1739 1251 1777; x_wconf 89' lang='lat' dir='ltr'>fere</span> <span class='ocrx_word' id='word_1_219' title='bbox 1264 1739 1360 1777; x_wconf 89' lang='lat' dir='ltr'>ultro</span> <span class='ocrx_word' id='word_1_220' title='bbox 1378 1739 1554 1777; x_wconf 86' lang='lat' dir='ltr'>transitus</span> 
     </span>
     <span class='ocr_line' id='line_1_26' title="bbox 224 1803 1556 1855; baseline 0.001 -14"><span class='ocrx_word' id='word_1_221' title='bbox 224 1804 342 1842; x_wconf 85' lang='lat' dir='ltr'>factus</span> <span class='ocrx_word' id='word_1_222' title='bbox 356 1804 469 1842; x_wconf 89' lang='lat' dir='ltr'>estad</span> <span class='ocrx_word' id='word_1_223' title='bbox 489 1815 642 1853; x_wconf 88' lang='lat' dir='ltr'>genus</span> <span class='ocrx_word' id='word_1_224' title='bbox 666 1803 1116 1855; x_wconf 84' lang='lat' dir='ltr'>orthographicum,</span> <span class='ocrx_word' id='word_1_225' title='bbox 1134 1804 1253 1853; x_wconf 86' lang='lat' dir='ltr'>inquo</span> <span class='ocrx_word' id='word_1_226' title='bbox 1269 1804 1556 1853; x_wconf 91' lang='lat' dir='ltr'>ipsumEnnium</span> 
     </span>
     <span class='ocr_line' id='line_1_27' title="bbox 223 1869 1555 1921; baseline 0.003 -15"><span class='ocrx_word' id='word_1_227' title='bbox 223 1869 333 1907; x_wconf 88' lang='lat' dir='ltr'>multa</span> <span class='ocrx_word' id='word_1_228' title='bbox 361 1871 563 1909; x_wconf 88' lang='lat' dir='ltr'>novavisse</span> <span class='ocrx_word' id='word_1_229' title='bbox 592 1882 673 1908; x_wconf 88' lang='lat' dir='ltr'>cum</span> <span class='ocrx_word' id='word_1_230' title='bbox 705 1870 884 1909; x_wconf 89' lang='lat' dir='ltr'>credibile</span> <span class='ocrx_word' id='word_1_231' title='bbox 912 1874 982 1919; x_wconf 92' lang='lat' dir='ltr'>est,</span> <span class='ocrx_word' id='word_1_232' title='bbox 1010 1874 1084 1908; x_wconf 91' lang='lat' dir='ltr'>tum</span> <span class='ocrx_word' id='word_1_233' title='bbox 1100 1871 1322 1909; x_wconf 90' lang='lat' dir='ltr'>testimoniis</span> <span class='ocrx_word' id='word_1_234' title='bbox 1338 1871 1555 1921; x_wconf 87' lang='lat' dir='ltr'>quibusdam</span> 
     </span>
     <span class='ocr_line' id='line_1_28' title="bbox 225 1935 1554 1985; baseline 0.002 -13"><span class='ocrx_word' id='word_1_235' title='bbox 225 1940 261 1972; x_wconf 89' lang='lat' dir='ltr'>et</span> <span class='ocrx_word' id='word_1_236' title='bbox 274 1935 424 1973; x_wconf 90' lang='lat' dir='ltr'>indiciis</span> <span class='ocrx_word' id='word_1_237' title='bbox 440 1937 693 1981; x_wconf 63' lang='lat' dir='ltr'>confirmatum</span> <span class='ocrx_word' id='word_1_238' title='bbox 709 1937 809 1974; x_wconf 86' lang='lat' dir='ltr'>velut</span> <span class='ocrx_word' id='word_1_239' title='bbox 826 1936 915 1973; x_wconf 92' lang='lat' dir='ltr'>illud</span> <span class='ocrx_word' id='word_1_240' title='bbox 929 1941 996 1984; x_wconf 92' lang='lat' dir='ltr'>est,</span> <span class='ocrx_word' id='word_1_241' title='bbox 1024 1937 1121 1985; x_wconf 92' lang='lat' dir='ltr'>quod</span> <span class='ocrx_word' id='word_1_242' title='bbox 1135 1937 1261 1974; x_wconf 89' lang='lat' dir='ltr'>Festus</span> <span class='ocrx_word' id='word_1_243' title='bbox 1277 1948 1311 1985; x_wconf 91' lang='lat' dir='ltr'>p.</span> <span class='ocrx_word' id='word_1_244' title='bbox 1334 1937 1420 1984; x_wconf 80' lang='lat'>293,</span> <span class='ocrx_word' id='word_1_245' title='bbox 1438 1937 1498 1975; x_wconf 78' lang='lat'>29.</span> <span class='ocrx_word' id='word_1_246' title='bbox 1507 1938 1554 1976; x_wconf 83' lang='lat' dir='ltr'>M.</span> 
     </span>
     <span class='ocr_line' id='line_1_29' title="bbox 226 2002 1557 2051; baseline 0.001 -12"><span class='ocrx_word' id='word_1_247' title='bbox 226 2002 508 2039; x_wconf 85' lang='lat' dir='ltr'>consonantium</span> <span class='ocrx_word' id='word_1_248' title='bbox 538 2002 827 2051; x_wconf 85' lang='lat' dir='ltr'>geminationem</span> <span class='ocrx_word' id='word_1_249' title='bbox 862 2002 907 2039; x_wconf 90' lang='lat' dir='ltr'>ab</span> <span class='ocrx_word' id='word_1_250' title='bbox 935 2002 1054 2039; x_wconf 92' lang='lat' dir='ltr'>Ennio</span> <span class='ocrx_word' id='word_1_251' title='bbox 1087 2002 1126 2038; x_wconf 90' lang='lat' dir='ltr'>in</span> <span class='ocrx_word' id='word_1_252' title='bbox 1162 2013 1373 2040; x_wconf 91' lang='lat' dir='ltr'>sermonem</span> <span class='ocrx_word' id='word_1_253' title='bbox 1405 2003 1557 2040; x_wconf 88' lang='lat' dir='ltr'>latinum</span> 
     </span>
     <span class='ocr_line' id='line_1_30' title="bbox 225 2068 1558 2118; baseline 0.002 -13"><span class='ocrx_word' id='word_1_254' title='bbox 225 2068 374 2106; x_wconf 87' lang='lat' dir='ltr'>inlatam</span> <span class='ocrx_word' id='word_1_255' title='bbox 404 2080 488 2106; x_wconf 89' lang='lat' dir='ltr'>esse</span> <span class='ocrx_word' id='word_1_256' title='bbox 516 2068 614 2106; x_wconf 51' lang='lat' dir='ltr'>dicit,</span> <span class='ocrx_word' id='word_1_257' title='bbox 669 2068 776 2113; x_wconf 85' lang='lat' dir='ltr'>Quod</span> <span class='ocrx_word' id='word_1_258' title='bbox 803 2068 951 2117; x_wconf 86' lang='lat' dir='ltr'>quidem</span> <span class='ocrx_word' id='word_1_259' title='bbox 982 2068 1154 2118; x_wconf 81' lang='lat' dir='ltr'>cong-ruit</span> <span class='ocrx_word' id='word_1_260' title='bbox 1186 2069 1336 2106; x_wconf 91' lang='lat' dir='ltr'>omnino</span> <span class='ocrx_word' id='word_1_261' title='bbox 1367 2080 1450 2106; x_wconf 92' lang='lat' dir='ltr'>cum</span> <span class='ocrx_word' id='word_1_262' title='bbox 1485 2070 1558 2107; x_wconf 90' lang='lat' dir='ltr'>hoc</span> 
     </span>
     <span class='ocr_line' id='line_1_31' title="bbox 227 2134 1557 2185; baseline 0.002 -14"><span class='ocrx_word' id='word_1_263' title='bbox 227 2134 325 2181; x_wconf 88' lang='lat' dir='ltr'>quod</span> <span class='ocrx_word' id='word_1_264' title='bbox 356 2135 401 2172; x_wconf 88' lang='lat' dir='ltr'>ab</span> <span class='ocrx_word' id='word_1_265' title='bbox 428 2135 630 2173; x_wconf 86' lang='lat' dir='ltr'>Ritschelio</span> <span class='ocrx_word' id='word_1_266' title='bbox 659 2135 800 2183; x_wconf 89' lang='lat' dir='ltr'>accepi,</span> <span class='ocrx_word' id='word_1_267' title='bbox 837 2134 876 2171; x_wconf 92' lang='lat' dir='ltr'>in</span> <span class='ocrx_word' id='word_1_268' title='bbox 905 2134 1150 2173; x_wconf 90' lang='lat' dir='ltr'>monumentis</span> <span class='ocrx_word' id='word_1_269' title='bbox 1178 2134 1298 2173; x_wconf 92' lang='lat' dir='ltr'>Ennio</span> <span class='ocrx_word' id='word_1_270' title='bbox 1335 2135 1557 2185; x_wconf 88' lang='lat' dir='ltr'>antiquiori-</span> 
     </span>
     <span class='ocr_line' id='line_1_32' title="bbox 224 2199 1557 2249; baseline 0.002 -13"><span class='ocrx_word' id='word_1_271' title='bbox 224 2199 292 2237; x_wconf 92' lang='lat' dir='ltr'>bus</span> <span class='ocrx_word' id='word_1_272' title='bbox 321 2200 417 2237; x_wconf 82' lang='lat' dir='ltr'>haud</span> <span class='ocrx_word' id='word_1_273' title='bbox 446 2212 663 2249; x_wconf 88' lang='lat' dir='ltr'>comparere</span> <span class='ocrx_word' id='word_1_274' title='bbox 690 2201 857 2239; x_wconf 86' lang='lat' dir='ltr'>iteratam</span> <span class='ocrx_word' id='word_1_275' title='bbox 892 2201 1064 2239; x_wconf 84' lang='lat' dir='ltr'>litteram.</span> <span class='ocrx_word' id='word_1_276' title='bbox 1115 2202 1194 2245; x_wconf 85' lang='lat' dir='ltr'>Qua</span> <span class='ocrx_word' id='word_1_277' title='bbox 1222 2213 1265 2239; x_wconf 90' lang='lat' dir='ltr'>re</span> <span class='ocrx_word' id='word_1_278' title='bbox 1300 2202 1411 2239; x_wconf 83' lang='lat' dir='ltr'>fiebat</span> <span class='ocrx_word' id='word_1_279' title='bbox 1448 2202 1557 2239; x_wconf 92' lang='lat' dir='ltr'>etiam</span> 
     </span>
     <span class='ocr_line' id='line_1_33' title="bbox 225 2265 1560 2318; baseline 0.003 -16"><span class='ocrx_word' id='word_1_280' title='bbox 225 2269 265 2302; x_wconf 88' lang='lat' dir='ltr'>ut</span> <span class='ocrx_word' id='word_1_281' title='bbox 291 2265 515 2314; x_wconf 81' lang='lat' dir='ltr'>syllabarum</span> <span class='ocrx_word' id='word_1_282' title='bbox 544 2266 771 2314; x_wconf 89' lang='lat' dir='ltr'>quarundam</span> <span class='ocrx_word' id='word_1_283' title='bbox 798 2267 975 2316; x_wconf 88' lang='lat' dir='ltr'>prosodia</span> <span class='ocrx_word' id='word_1_284' title='bbox 1002 2267 1139 2305; x_wconf 88' lang='lat' dir='ltr'>certius</span> <span class='ocrx_word' id='word_1_285' title='bbox 1170 2267 1394 2306; x_wconf 89' lang='lat' dir='ltr'>definiretur.</span> <span class='ocrx_word' id='word_1_286' title='bbox 1433 2268 1560 2318; x_wconf 87' lang='lat' dir='ltr'>ltaque</span> 
     </span>
     <span class='ocr_line' id='line_1_34' title="bbox 227 2331 1560 2383; baseline 0.003 -15"><span class='ocrx_word' id='word_1_287' title='bbox 227 2335 267 2369; x_wconf 90' lang='lat' dir='ltr'>ut</span> <span class='ocrx_word' id='word_1_288' title='bbox 293 2331 353 2369; x_wconf 92' lang='lat' dir='ltr'>vel</span> <span class='ocrx_word' id='word_1_289' title='bbox 381 2343 493 2369; x_wconf 92' lang='lat' dir='ltr'>unum</span> <span class='ocrx_word' id='word_1_290' title='bbox 524 2332 676 2370; x_wconf 83' lang='lat' dir='ltr'>afferam</span> <span class='ocrx_word' id='word_1_291' title='bbox 705 2333 766 2370; x_wconf 79' lang='lat' dir='ltr'>ille</span> <span class='ocrx_word' id='word_1_292' title='bbox 792 2334 1012 2382; x_wconf 90' lang='lat' dir='ltr'>pronomine</span> <span class='ocrx_word' id='word_1_293' title='bbox 1041 2345 1122 2372; x_wconf 91' lang='lat' dir='ltr'>cum</span> <span class='ocrx_word' id='word_1_294' title='bbox 1151 2334 1295 2373; x_wconf 85' lang='lat' dir='ltr'>Plautus</span> <span class='ocrx_word' id='word_1_295' title='bbox 1326 2339 1362 2372; x_wconf 89' lang='lat' dir='ltr'>et</span> <span class='ocrx_word' id='word_1_296' title='bbox 1388 2338 1560 2383; x_wconf 87' lang='lat' dir='ltr'>correpto</span> 
     </span>
     <span class='ocr_line' id='line_1_35' title="bbox 229 2398 1561 2450; baseline 0.002 -14"><span class='ocrx_word' id='word_1_297' title='bbox 229 2402 264 2436; x_wconf 90' lang='lat' dir='ltr'>et</span> <span class='ocrx_word' id='word_1_298' title='bbox 288 2398 469 2447; x_wconf 88' lang='lat' dir='ltr'>producto</span> <span class='ocrx_word' id='word_1_299' title='bbox 497 2402 676 2447; x_wconf 85' lang='lat' dir='ltr'>uteretur,</span> <span class='ocrx_word' id='word_1_300' title='bbox 704 2399 791 2438; x_wconf 91' lang='lat' dir='ltr'>inde</span> <span class='ocrx_word' id='word_1_301' title='bbox 819 2400 864 2438; x_wconf 89' lang='lat' dir='ltr'>ab</span> <span class='ocrx_word' id='word_1_302' title='bbox 876 2400 1009 2449; x_wconf 88' lang='lat' dir='ltr'>Ennio,</span> <span class='ocrx_word' id='word_1_303' title='bbox 1040 2401 1101 2450; x_wconf 90' lang='lat' dir='ltr'>qui</span> <span class='ocrx_word' id='word_1_304' title='bbox 1128 2400 1316 2450; x_wconf 88' lang='lat' dir='ltr'>posterior</span> <span class='ocrx_word' id='word_1_305' title='bbox 1342 2400 1409 2438; x_wconf 81' lang='lat' dir='ltr'>fuit</span> <span class='ocrx_word' id='word_1_306' title='bbox 1422 2401 1561 2448; x_wconf 86' lang='lat' dir='ltr'>Plauto,</span> 
     </span>
     <span class='ocr_line' id='line_1_36' title="bbox 228 2466 1559 2516; baseline 0.002 -14"><span class='ocrx_word' id='word_1_307' title='bbox 228 2466 300 2503; x_wconf 91' lang='lat' dir='ltr'>nisi</span> <span class='ocrx_word' id='word_1_308' title='bbox 334 2466 513 2514; x_wconf 88' lang='lat' dir='ltr'>producta</span> <span class='ocrx_word' id='word_1_309' title='bbox 543 2466 659 2514; x_wconf 89' lang='lat' dir='ltr'>prima</span> <span class='ocrx_word' id='word_1_310' title='bbox 684 2467 826 2515; x_wconf 83' lang='lat' dir='ltr'>syllaba</span> <span class='ocrx_word' id='word_1_311' title='bbox 865 2478 940 2505; x_wconf 91' lang='lat' dir='ltr'>non</span> <span class='ocrx_word' id='word_1_312' title='bbox 978 2468 1045 2505; x_wconf 86' lang='lat' dir='ltr'>suit</span> <span class='ocrx_word' id='word_1_313' title='bbox 1079 2468 1118 2504; x_wconf 88' lang='lat' dir='ltr'>in</span> <span class='ocrx_word' id='word_1_314' title='bbox 1151 2479 1232 2505; x_wconf 89' lang='lat' dir='ltr'>usu.</span> <span class='ocrx_word' id='word_1_315' title='bbox 1286 2469 1407 2516; x_wconf 87' lang='lat' dir='ltr'>Atque</span> <span class='ocrx_word' id='word_1_316' title='bbox 1438 2469 1559 2506; x_wconf 90' lang='lat' dir='ltr'>eidem</span> 
     </span>
     <span class='ocr_line' id='line_1_37' title="bbox 229 2530 1563 2584; baseline 0.004 -17"><span class='ocrx_word' id='word_1_317' title='bbox 229 2530 338 2569; x_wconf 91' lang='lat' dir='ltr'>Ennii</span> <span class='ocrx_word' id='word_1_318' title='bbox 352 2532 475 2570; x_wconf 87' lang='lat' dir='ltr'>studio</span> <span class='ocrx_word' id='word_1_319' title='bbox 489 2532 721 2581; x_wconf 82' lang='lat' dir='ltr'>exaequandi</span> <span class='ocrx_word' id='word_1_320' title='bbox 735 2544 817 2571; x_wconf 90' lang='lat' dir='ltr'>cum</span> <span class='ocrx_word' id='word_1_321' title='bbox 830 2534 1141 2583; x_wconf 87' lang='lat' dir='ltr'>pronunciatione</span> <span class='ocrx_word' id='word_1_322' title='bbox 1154 2533 1563 2584; x_wconf 85' lang='lat' dir='ltr'>scripturam,Ritsche-</span> 
     </span>
    </p>
   </div>
  </div>
 </body>
</html>
