1708 2956
756 75 911 112 .-·10
961 92 1011 101 -

214 177 283 216 lius
312 179 350 216 in
378 178 506 217 Indice
535 179 622 218 lect.
640 183 732 218 aest.
754 171 1034 219 affl
1054 192 1088 230 p.
1116 181 1209 220 XVI.
1239 181 1366 220 tribuit
1391 183 1459 232 sis,
1486 193 1551 221 sos

213 245 352 283 formas
388 255 455 293 pro
492 245 571 284 suis
612 257 701 283 suos
728 246 773 284 ab
801 247 922 285 Ennio
950 247 1071 296 primo
1104 251 1143 285 ut
1167 247 1315 286 videtur
1340 253 1549 300 usurpatos.

211 312 290 350 Nec
318 312 446 350 dubito
473 314 560 361 quin
590 314 698 352 liuius
725 314 877 364 generis
905 314 1018 352 multo
1051 315 1155 363 plura
1181 315 1413 353 confidenter
1437 318 1549 355 tribui

210 378 356 426 possint
382 379 527 427 Ennio,
557 379 703 418 scilicet
731 379 900 417 excussis
928 379 1126 428 aliquando
1157 383 1382 418 vetustarum
1407 381 1549 420 inscri-

208 444 374 491 ptionum
402 445 599 483 thesauris.
654 445 732 484 Nec
764 451 887 486 tamen
915 446 1152 497 probaverim
1181 447 1213 485 si
1231 447 1312 496 quis
1332 450 1394 485 aut
1406 447 1549 486 Ennia-

210 520 318 558 nam,
351 511 382 548 si
421 511 479 549 dis
503 511 646 560 placet,
675 516 738 550 aut
764 514 957 562 proximae
983 513 1029 552 ab
1053 509 1187 551 Ennio'
1203 513 1332 551 aetatis
1358 513 1548 566 scribendi

211 576 520 614 consuetudinem
546 577 659 615 hodie
683 578 912 616 resuscitare
939 579 1052 618 vellet
1078 580 1117 616 in
1147 579 1278 617 Ennio.
1333 579 1446 617 Immo
1473 590 1545 630 ego

207 642 366 680 mediam
396 644 579 691 quandam
607 645 705 682 viam
732 649 882 683 secutus
910 657 990 683 sum
1016 646 1079 693 ita,
1103 650 1143 683 ut
1169 646 1349 694 quaedam
1365 657 1458 694 quae
1477 657 1548 683 an-

206 706 332 757 tiquae
359 708 490 747 aetatis
519 719 604 748 esse
643 713 789 757 constat
822 710 932 750 etiam
968 710 1049 751 sine
1074 710 1179 751 libris
1215 712 1419 751 scriberem
1451 722 1546 750 con-

206 778 360 822 stanter,
390 775 429 812 in
455 776 608 813 relicuis
635 777 824 826 vulgarem
853 778 1044 815 scribendi
1058 779 1241 816 rationem
1261 783 1442 827 sectarer,
1461 791 1546 817 ser-

206 839 301 878 vatis
329 843 453 879 tamen
482 841 663 892 religiose
692 852 934 893 quaecunque
964 842 1002 881 in
1027 842 1118 893 ipsis
1145 834 1249 881 libris
1279 844 1546 894 comparebant

205 907 431 956 antiquitatis
457 908 640 957 vestigiis.

327 973 455 1023 Itaque
481 984 630 1024 semper
656 985 682 1011 u
704 974 839 1024 scripsi
873 985 940 1024 pro
965 986 1008 1025 y,
1038 978 1078 1014 ut
1106 973 1317 1024 Olumpum,
1357 975 1542 1024 Cuclopis,

210 1040 295 1086 alia,
323 1051 391 1087 pro
418 1041 433 1076 ι’
456 1041 494 1076 ἰη
520 1042 830 1088 superlativorum
858 1043 1027 1079 terminis
1052 1047 1088 1079 et
1115 1044 1152 1078 in
1181 1043 1406 1089 lacrumans,
1436 1053 1504 1089 pro
1524 1053 1544 1077 e

206 1105 244 1144 in
271 1106 466 1156 gerundiis
494 1110 531 1146 et
557 1107 762 1158 participiis
796 1108 906 1147 futuri
942 1109 1106 1159 passivi,
1130 1109 1324 1159 ferundae,
1348 1107 1541 1157 potiundi.

203 1183 225 1209 o
252 1174 360 1221 posui
387 1185 454 1222 pro
481 1186 507 1210 u
534 1175 615 1212 sive
642 1175 785 1212 vocalis
816 1180 872 1212 est
890 1176 970 1213 sive
992 1187 1219 1223 consonans,
1247 1175 1286 1212 ut
1300 1186 1419 1222 quom,
1448 1186 1542 1222 quo-

203 1238 275 1286 ius,
299 1239 398 1287 quoi,
420 1239 572 1289 pavo'm,
598 1241 707 1289 volis,
735 1245 948 1289 sequoretur.
989 1241 1119 1291 Expuli
1145 1251 1258 1291 porro
1288 1241 1427 1280 formas
1449 1251 1543 1291 qua-

202 1306 258 1344 les
287 1307 357 1344 hae
386 1312 471 1344 sunt
498 1308 559 1355 dii,
587 1309 671 1356 diis,
700 1310 875 1357 quoniam
903 1310 1100 1357 antiquitas
1128 1314 1189 1347 aut
1217 1310 1276 1346 dei
1300 1310 1456 1346 formam
1485 1309 1544 1345 di-

205 1371 384 1422 syllabam
403 1377 465 1411 aut
482 1374 776 1425 monosyllabum
793 1375 830 1413 di
848 1378 987 1414 tantum
1006 1375 1189 1425 probavit.
1243 1375 1321 1414 Nec
1342 1374 1462 1425 magis
1481 1377 1544 1412 to-

205 1439 323 1478 leravi
352 1441 398 1478 de
425 1453 497 1489 quo
525 1442 638 1479 hodie
666 1453 740 1479 non
769 1443 956 1479 dubitatur
972 1442 1185 1491 genetivum
1201 1442 1237 1477 in
1257 1441 1285 1476 ta·
1302 1441 1545 1480 desinentem.

326 1506 384 1543 Ad
415 1511 666 1545 consonantes
692 1507 791 1555 quod
826 1507 978 1554 attinet,
1019 1518 1204 1556 nunquam
1232 1506 1340 1544 omisi
1369 1517 1388 1543 s
1421 1506 1542 1554 finale,

204 1572 290 1621 quia
315 1573 352 1610 in
379 1576 482 1611 tanto
508 1574 761 1622 exemplorum
789 1585 942 1611 numero
975 1573 1083 1611 nimis
1110 1584 1197 1611 raro
1226 1572 1419 1611 omissioni
1446 1572 1545 1610 favet

202 1638 383 1676 librorum
415 1640 629 1677 auctoritas.
684 1640 803 1677 Pauca
834 1639 996 1676 omissae
1023 1639 1169 1676 litterae
1207 1638 1395 1687 exempla,
1432 1648 1543 1674 unum

204 1705 315 1743 Ennii
344 1716 505 1755 quoque,
531 1705 789 1744 Lachmannus
817 1705 958 1743 notavit
986 1705 1032 1743 ad
1058 1706 1219 1744 Lucretii
1244 1705 1375 1743 librum
1402 1705 1429 1753 Ι,
1461 1704 1544 1742 186.

207 1773 347 1825 Quibus
377 1772 475 1810 addo
501 1772 584 1820 tria,
616 1783 710 1820 quae
739 1783 785 1810 ne
815 1775 899 1809 sunt
929 1772 1075 1820 quidem
1105 1772 1256 1809 omnino
1285 1774 1409 1809 certa:
1433 1770 1553 1818 mayis

202 1849 335 1876 errore
359 1838 457 1888 quod
486 1849 553 1887 pro
582 1838 679 1887 mayi
703 1838 809 1886 ferro
824 1837 915 1874 Rem
929 1841 1099 1886 repetunt
1114 1838 1151 1875 in
1170 1838 1274 1875 libris
1295 1837 1432 1887 legitur
1446 1836 1541 1886 apud

204 1905 360 1943 Gellium
375 1906 418 1943 N.
435 1905 480 1942 A.
501 1905 583 1952 XX,
604 1905 661 1951 10,
677 1904 713 1941 4.
757 1916 910 1953 maynus
928 1904 1097 1942 Titanum
1122 1904 1314 1951 premebat
1342 1904 1437 1953 apud
1464 1904 1544 1941 No-

203 1972 305 2009 nium
333 1983 368 2020 p.
385 1970 473 2019 216,
490 1971 549 2009 29.
599 1970 752 2007 Titanus
780 1971 992 2009 emendavit
1019 1970 1231 2008 Krahnerus
1260 1971 1327 2017 (de
1354 1981 1451 2023 corr.
1474 1969 1541 2006 rel.

201 2039 306 2077 Rom.
329 2050 364 2086 p.
388 2037 495 2085 40.);
534 2049 577 2075 ac
608 2038 754 2075 videtur
791 2049 946 2086 maquus
977 2037 1109 2074 Titanu
1141 2036 1333 2085 premebat
1367 2036 1542 2084 scriptum

201 2104 331 2141 fuisse.
387 2104 558 2151 Denique
585 2104 654 2140 hac
680 2103 826 2140 ratione
869 2103 1063 2153 corrigere
1090 2102 1224 2140 videor
1262 2112 1407 2139 versum
1451 2112 1542 2138 con-

201 2169 346 2217 tempsit
369 2170 490 2217 fontes
505 2169 638 2217 quibus
655 2169 825 2217 exeruyit
840 2178 961 2216 aquae
978 2168 1037 2205 vis
1052 2168 1180 2214 (Anal.
1192 2167 1351 2205 Vindob.
1369 2179 1402 2216 p.
1422 2168 1539 2213 173.).

198 2236 291 2275 Nam
318 2246 431 2284 eruqo
460 2236 528 2274 fuit
557 2235 801 2284 transitivum,
831 2235 928 2273 haud
955 2246 1064 2273 secus
1093 2238 1202 2284 atque
1228 2238 1365 2272 eructo.
1414 2234 1457 2271 Ut
1472 2245 1540 2283 pro

201 2302 332 2350 quibus
353 2303 521 2352 exeruqit
549 2303 674 2340 addita
692 2314 764 2340 una
794 2302 954 2340 litterula
970 2302 1208 2340 scribendum
1232 2302 1403 2343 videatur
1430 2298 1541 2349 quibu

200 2380 243 2406 se
269 2369 457 2419 esserum&
484 2368 793 2419 quemadmodum
822 2369 990 2407 Avienus
1016 2368 1225 2419 Periegesis
1253 2380 1290 2406 v.
1307 2368 1394 2407 345.
1427 2366 1542 2404 Undi-

201 2443 271 2482 que
297 2446 339 2471 se
366 2435 451 2471 totis
480 2438 645 2472 eructent
670 2433 822 2482 flumina
850 2434 973 2471 terris.
1036 2434 1207 2472 Ceterum
1235 2434 1402 2481 eoeeruyit
1427 2444 1539 2471 versu

200 2500 371 2542 Enniano
400 2501 603 2551 perfectum
633 2504 690 2539 est
722 2501 820 2550 quod
855 2500 1039 2539 sententia
1071 2500 1269 2551 flagitatur.
1324 2499 1460 2537 Verum
1488 2500 1536 2538 ob
