1708 2956
741 87 988 136 3-7-

175 221 182 230 ‹
219 197 351 248 quique
388 199 425 235 et
452 194 698 251 antiquissimi
739 195 955 235 officiorum
999 197 1037 233 et
1073 192 1224 232 Catonis
1270 191 1423 232 Maioris
1460 190 1545 230 libri

221 264 479 312 consentiunt,
533 269 656 303 tamen
701 266 848 312 praeter
888 262 1050 300 leviores
1093 260 1288 298 nonnullas
1327 260 1407 299 sive
1447 259 1547 309 ipsa-

217 340 297 366 rum
323 340 455 367 vocum
480 330 562 367 sive
591 327 881 377 orthographiae
908 327 1187 374 correctiones,
1213 337 1304 375 quas
1331 336 1549 364 enumerare

217 395 304 433 mihi
332 406 429 434 nune
456 396 608 447 longum
636 398 713 441 est,
749 404 825 431 non
849 394 977 442 paucis
1016 393 1112 431 locis
1141 392 1278 431 iudicio
1306 392 1378 431 iam
1408 392 1546 431 certius

217 466 378 509 paratum
407 467 463 500 est
491 462 766 500 fundamentum
776 472 787 506 ;
815 471 887 509 quo
917 459 1161 497 confidentius
1188 459 1339 497 reiicias
1364 458 1546 496 editorum

216 527 493 566 hariolationes.
547 527 674 575 Neque
697 527 792 564 haec
819 526 866 564 ad
892 526 1081 563 Ennianos
1111 529 1249 564 tantum
1274 536 1404 563 versus
1430 524 1549 574 perti-

217 598 328 632 nent:
357 594 468 630 immo
495 593 575 640 ipsa
602 592 794 630 Ciceronis
821 592 951 641 quibus
978 601 1109 629 versus
1129 591 1332 629 afferuntur
1357 591 1472 629 verba
1497 591 1547 628 li-

216 660 324 698 cebat
348 657 506 697 subinde
535 658 790 697 emendatiora
824 657 981 696 afferre:
1005 661 1077 696 tam
1102 657 1384 707 pleneHalmius
1410 659 1547 695 enota-

215 730 320 764 verat
348 725 520 779 codicum
549 725 845 774 discrepantiam.
899 725 937 762 in
973 725 1104 774 quibus
1133 735 1351 774 quacunque
1386 723 1546 762 discessi

216 793 261 831 ab
281 792 421 831 Orellio
448 803 555 840 quam
581 792 802 830 brevissime
823 792 925 840 potui
952 802 1100 840 semper
1120 792 1342 840 significavi.

337 858 490 896 Tantum
520 858 567 895 de
592 858 787 897 Cicerone.
816 858 980 896 Transeo
1008 858 1183 906 temporis
1214 857 1346 895 ordine
1373 856 1546 907 neglecto

217 925 263 963 ad
289 925 598 963 Priscianum
628 929 664 963 et
694 925 910 970 Gellium,
941 935 1095 973 quorum
1123 925 1311 972 neutrius,
1337 924 1437 973 quod
1464 928 1549 962 ante

213 990 436 1039 significavi,
467 1001 535 1027 eae
557 990 740 1027 editiones
765 989 880 1027 hodie
907 993 1031 1027 extant
1061 990 1191 1037 quibus
1220 990 1258 1026 in
1289 1000 1403 1037 opera
1429 989 1547 1038 qualis

215 1057 309 1094 haec
344 1060 399 1094 est
435 1066 516 1093 cum
548 1056 621 1093 fide
648 1056 792 1093 nitaris.
846 1057 967 1104 Atque
999 1056 1037 1092 in
1076 1056 1147 1093 hac
1175 1058 1279 1104 parte
1313 1055 1547 1094 benevolen-

214 1122 357 1159 tissime
384 1121 524 1159 adiuvit
547 1132 605 1158 me
641 1121 673 1158 is
701 1132 721 1158 a
749 1131 821 1169 quo
855 1131 932 1158 non
959 1121 1009 1158 ita
1034 1120 1146 1159 multo
1172 1124 1257 1169 post
1281 1123 1321 1157 ut
1347 1130 1458 1169 spero
1487 1120 1548 1158 iu-

213 1192 293 1227 stae
318 1188 449 1226 horum
466 1187 620 1226 duorum
640 1187 965 1238 grammaticorum
984 1186 1169 1225 editiones
1184 1186 1407 1234 emittentur,
1426 1186 1493 1225 Ma
1504 1198 1548 1225 r-

213 1257 344 1293 tinus
370 1255 604 1292 Hertzius.

334 1323 390 1359 Ac
415 1321 658 1359 Prisciani
686 1320 834 1369 quidem
849 1320 948 1367 libri,
978 1331 999 1357 e
1027 1320 1158 1368 quibus
1177 1323 1362 1358 enotatam
1379 1320 1426 1357 ad
1439 1319 1550 1357 Ennii

214 1387 422 1437 fragmenta
448 1386 655 1435 scripturae
669 1386 956 1434 discrepantiam
973 1385 1108 1433 habeo,
1134 1385 1173 1423 hi
1189 1389 1293 1423 sunt:
1323 1391 1363 1432 a)
1379 1384 1550 1422 Gruter-i-

212 1463 315 1492 αηιιε,
349 1453 430 1491 sive
473 1451 733 1501 Lugdunensis
771 1450 954 1499 Batavus,
990 1451 1170 1490 Prisciani
1211 1454 1327 1490 artem
1368 1451 1549 1501 integram

213 1518 475 1567 complectens.
513 1519 555 1565 b)
585 1517 852 1566 Samallensis,
879 1521 1070 1555 truncatus
1100 1518 1201 1555 circa
1229 1517 1388 1555 medium
1415 1517 1549 1555 librum

212 1585 323 1623 XVII.
378 1589 418 1633 c)
451 1584 587 1633 Regius
629 1583 838 1624 Parisinus.
892 1584 934 1631 d)
974 1583 1176 1622 Bernensis
1214 1583 1549 1634 (Bongarsianus).

212 1658 252 1697 e)
269 1650 606 1688 Halberstadiensis
627 1651 662 1688 h.
684 1663 717 1688 e.
733 1651 977 1689 Lutherianus
992 1651 1146 1698 Krehlii,
1174 1661 1330 1699 quorum
1347 1650 1487 1700 Regius
1512 1654 1549 1688 et

212 1717 412 1756 Bernensis
439 1718 621 1768 integram
646 1720 774 1765 artem,
802 1716 1138 1755 Halberstadiensis
1155 1717 1383 1755 Priscianum
1410 1720 1548 1755 tantum

213 1784 392 1821 maiorem
412 1784 612 1821 continent.
642 1784 698 1821 De
724 1794 880 1831 quorum
895 1783 1074 1821 librorum
1100 1787 1220 1821 aetate
1239 1787 1275 1821 et
1289 1783 1417 1821 indole
1442 1783 1549 1821 vide:

211 1849 525 1888 Monatsberichte
542 1849 609 1888 der
626 1848 828 1888 Academia
846 1848 913 1887 der
931 1848 1266 1888 wissenschaften.
1284 1847 1547 1888 4.N0v.1847.

215 1926 249 1963 p.
283 1915 340 1953 16.
369 1926 450 1964 sqq.

333 1981 487 2029 Gellii
516 1968 669 2020 codices
697 1981 735 2019 hi
758 1984 862 2019 sunt:

342 2048 389 2085 ad
418 2049 460 2088 N.
488 2049 531 2086 A.
568 2048 834 2085 libb..l-Vll.
864 2057 904 2093 a)
939 2046 1135 2085 Vaticanus
1161 2047 1275 2085 3452.
1329 2048 1373 2093 b)
1400 2046 1547 2085 Parisi-

214 2124 284 2149 nus
313 2113 426 2151 5765.
482 2118 521 2160 c)
552 2112 892 2161 Rottendorfianus‚
934 2103 971 2149 in
1002 2113 1133 2162 quibus
1172 2112 1277 2150 libris
1302 2112 1378 2151 vn.
1416 2112 1549 2151 librum

214 2179 380 2228 sequitur
407 2180 482 2228 Vi„
510 2181 549 2217 in
577 2180 880 2220 Rottendorfiano
907 2179 1002 2218 liber
1027 2179 1086 2217 Vl.
1118 2180 1353 2218 desideratur
1370 2207 1381 2227 ,
1422 2183 1462 2217 ut
1487 2180 1549 2229 qui

213 2257 289 2284 non
301 2246 395 2283 ultra
405 2247 482 2295 VII,
499 2247 558 2285 20.
575 2252 729 2298 pergat3
757 2248 944 2291 Parisinus
971 2247 1107 2285 desinit
1134 2248 1171 2284 in
1185 2247 1245 2295 vl,
1262 2247 1298 2285 3.
1328 2247 1434 2292 Quod
1461 2258 1548 2286 mo-

215 2314 278 2351 nui
304 2317 455 2362 propter
485 2314 557 2351 duo
578 2315 687 2352 Ennii
718 2315 939 2364 fragmenta,
971 2326 1065 2363 quae
1086 2314 1181 2363 apud
1199 2313 1354 2351 Gellium
1370 2314 1439 2361 Ἡ,
1461 2314 1497 2361 6,
1513 2313 1549 2351 6.

215 2384 251 2418 et
265 2380 325 2427 Vl,
347 2380 382 2427 6,
398 2380 432 2417 9.
460 2380 644 2429 leguntur.
702 2381 740 2418 in
770 2381 904 2430 quibus
931 2385 1081 2430 propter
1108 2381 1253 2418 illorum
1279 2380 1448 2417 codicum
1478 2380 1550 2417 de·-

213 2446 350 2485 fectum
378 2446 559 2484 iuniorum
580 2448 812 2495 quorundam
839 2448 1042 2496 scripturas
1068 2447 1238 2486 Hertzius
1265 2457 1409 2485 mocum
1439 2456 1546 2484 com-

215 2512 426 2551 munioavit.
