1708 2956
719 91 971 126 ..12-

168 194 265 235 inter
295 208 337 235 se
366 195 569 236 licitantur.
630 197 808 237 Columna
837 199 1116 248 transponendo
1142 198 1286 236 iactant
1312 211 1413 238 saxa
1438 198 1509 237 he-

171 267 376 302 xametrum
409 263 629 304 efformavit.
691 266 830 304 Merula
869 270 999 303 contra
1033 267 1105 303 hoc
1139 270 1341 303 monstrum
1376 278 1508 306 versus

172 337 412 376 concoquere
438 329 556 376 potuit
586 340 683 377 pars
708 329 849 366 ludicre
865 330 1007 368 iactant
1021 342 1120 368 sama
1137 331 1231 367 inter
1247 341 1289 366 se
1310 331 1509 370 licitantur.

170 394 243 433 Sed
258 393 346 443 quid
361 394 564 434 mutatione
577 407 669 444 opus
681 400 749 443 est,
765 407 848 435 cum
862 398 1007 446 integer
1015 398 1062 435 sit
1073 408 1203 436 versus
1216 396 1428 435 trochaicus
1440 399 1512 436 hac

170 472 344 499 mensura
367 472 464 509 pars
481 461 622 499 ludicre
642 461 751 500 Sa'ma
769 462 911 500 iactant
928 462 1027 500 inter
1048 475 1089 500 se
1108 463 1308 501 licitantur.
1345 463 1391 500 Ut
1418 464 1510 501 nihil

172 527 295 577 egerit
321 526 474 564 Bothius
503 527 539 564 P.
559 528 595 565 S.
624 528 667 575 V,
695 529 730 565 2.
760 538 793 576 p.
813 528 849 566 8.
889 528 1090 567 scribendo
1127 539 1220 577 pars
1246 539 1345 566 sacca
1371 527 1511 566 iactant

113 634 117 637 ,
163 592 314 630 ludicre
351 592 448 630 inter
478 604 520 631 se
556 593 757 635 licitantur.
812 595 881 639 Qui
907 595 1056 643 quidem
1090 595 1170 643 ipse
1207 607 1311 633 suum
1341 606 1510 633 errorem

171 663 299 709 postea
327 660 493 698 correxit
518 660 555 698 in
582 660 713 699 Naekii
741 660 1006 709 Welckerique
1028 672 1156 699 museo
1172 662 1349 700 Rhenano
1368 661 1410 709 V,
1425 662 1510 700 268.

174 726 288 764 Immo
317 737 364 764 ne
391 726 514 765 littera
544 727 692 776 quidem
720 731 857 766 mutata
883 738 1014 765 versus
1031 731 1093 766 aut
1109 732 1164 766 est
1181 729 1398 767 hexameter
1412 729 1510 777 quod

174 794 289 832 credo
318 797 380 832 aut
406 797 655 843 potestesse.
710 794 852 832 ludicre
879 794 976 832 enim
1004 792 1173 833 neutrum
1192 795 1367 833 adiectivi
1383 795 1512 834 tertiae

174 860 437 898 declinationis
465 864 522 898 est
549 871 616 908 pro
644 860 823 898 adverbio
839 861 1018 909 positum;
1048 861 1151 897 cuius
1168 861 1316 909 quidem
1336 861 1512 899 adiectivi

176 927 314 966 mentio
343 927 439 977 apud
469 937 580 965 unum
609 928 708 976 quod
736 927 853 966 sciam
883 926 1109 966 priscianum
1124 927 1201 975 vll,
1226 928 1282 975 15,
1300 927 1359 966 73.
1374 939 1408 976 p.
1425 927 1511 966 787.

173 994 209 1032 P.
240 998 350 1042 extat,
384 994 482 1032 haud
506 994 732 1043 spernenda,
763 1006 820 1032 me
836 994 982 1041 iudice;
1003 1005 1219 1043 quamquam
1236 994 1512 1031 Ruddimannus

174 1061 200 1098 Ι.
229 1072 264 1109 p.
300 1061 357 1098 14.
384 1072 420 1098 n.
445 1061 504 1099 74.
532 1071 606 1098 non
635 1061 783 1098 multum
808 1061 972 1099 tribuere
1001 1061 1087 1098 huic
1112 1061 1324 1098 testimonio
1352 1060 1511 1098 videtur.

176 1128 276 1166 Dicit
303 1131 424 1167 autem
448 1128 659 1166 Priscianus
687 1129 803 1167 haec:
833 1128 876 1167 Si
900 1128 939 1164 in
964 1129 977 1164 i
1004 1129 1064 1165 vel
1091 1132 1165 1164 tam
1192 1129 1230 1164 in
1257 1140 1277 1164 e
1304 1139 1413 1175 quam
1435 1127 1473 1162 in
1501 1127 1514 1162 i

175 1197 278 1231 extat
304 1193 503 1241 ablativus,
535 1197 711 1242 correpta
736 1194 750 1230 i
777 1197 811 1231 et
837 1193 963 1231 addita
991 1204 1015 1230 a
1039 1194 1080 1241 fit
1106 1192 1354 1230 nominativus
1379 1193 1515 1240 plura-

175 1261 234 1309 lis,
260 1264 302 1297 ut
327 1260 374 1298 ab
400 1260 470 1298 hoc
494 1261 593 1298 mari
619 1261 712 1298 haec
733 1260 857 1298 maria
877 1282 926 1289 —
949 1283 1011 1298 -—-.
1039 1259 1238 1307 Excipitur
1261 1270 1284 1296 a
1309 1262 1432 1296 vetere
1457 1258 1517 1295 vel

176 1327 305 1374 veteri,
335 1326 434 1374 quod
455 1330 584 1364 vetera
609 1338 683 1363 non
709 1326 852 1363 veteria
875 1325 980 1375 facit.
1019 1325 1096 1362 Nec
1121 1337 1195 1362 non
1213 1325 1259 1362 ab
1279 1324 1348 1362 hoc
1369 1324 1514 1371 ludicri,

175 1393 274 1443 quod
301 1392 445 1431 ludicra
472 1403 545 1430 non
571 1392 730 1430 ludicria
754 1391 859 1441 facit.
914 1392 1041 1440 Itaque
1077 1402 1208 1430 versus
1234 1391 1291 1429 sic
1318 1391 1515 1429 dimetien-

177 1460 246 1500 dus
274 1463 331 1498 est
364 1471 460 1508 pars
488 1459 629 1497 ludicre
656 1470 757 1496 saxa
785 1457 931 1496 Iactant
956 1458 1051 1494 inter
1077 1469 1118 1494 se
1143 1457 1342 1494 licitantur.
1380 1468 1424 1494 ac
1444 1467 1515 1505 po-

178 1527 349 1567 sterioris
377 1538 549 1565 mensura
578 1537 655 1564 non
682 1526 848 1564 deterior
879 1528 936 1563 est
959 1524 1093 1573 opinor
1112 1524 1184 1561 hoc
1203 1535 1333 1561 versu:
1364 1522 1516 1560 miscent

177 1593 274 1631 inter
298 1604 381 1631 sese
408 1593 636 1630 inimicitiam
663 1592 855 1641 ayitantes.

297 1692 380 1730 Non
415 1701 490 1729 uno
521 1690 673 1728 nomine
709 1689 959 1728 memorabilis
996 1688 1123 1739 glossa
1155 1690 1211 1725 est
1248 1685 1343 1734 apud
1369 1686 1515 1723 Festum

176 1771 211 1809 p.
240 1759 327 1806 286,
358 1759 419 1796 28.
1270 1781 1414 1830 ‘Riyido

989 1849 1132 1887 Ennius
1171 1849 1314 1886 locatus
1363 1846 1511 1884 videtur

900 1948 908 1956 .
953 1918 990 1955 ti.
1045 1920 1101 1954 est
1126 1916 1219 1954 enim
1247 1927 1272 1953 a
1299 1914 1420 1953 manis
1445 1926 1516 1952 no-

933 2014 941 2022 .
996 1996 1038 2021 re
1063 1995 1156 2021 usus
1194 1987 1249 2020 est
1292 1986 1327 2019 et
1373 1981 1413 2019 L.
1460 1980 1513 2018 11.

906 2052 920 2088 i
983 2051 1137 2089 caerula
1184 2048 1310 2097 prata'
1336 2077 1347 2093 ,
1402 2058 1492 2085 cae-

902 2122 936 2156 et
985 2116 1097 2155 alibi.-
1141 2115 1247 2153 ‘Inde
1309 2115 1460 2162 Parum,

898 2183 1065 2223 ulabant’
1081 2212 1091 2231 ‚
1146 2182 1283 2220 Parum
1336 2181 1495 2219 insulam

181 2258 309 2306 refert.
343 2256 455 2293 Item:
478 2254 613 2292 ‘Unum
640 2265 770 2291 surum
793 2264 907 2290 surus
919 2253 1030 2301 ferre
1059 2255 1179 2288 tamen
1208 2250 1406 2298 defendere
1427 2259 1521 2296 pos-

181 2326 278 2371 sunt,
303 2322 387 2360 suri
409 2325 531 2360 autem
557 2325 643 2359 sunt
672 2324 808 2368 rustes,
837 2323 872 2357 et
898 2317 1190 2369 hypocoristicos
1216 2316 1370 2354 surculi.

305 2391 360 2427 De
394 2389 452 2426 his
479 2388 627 2427 laciniis
655 2388 746 2436 ipsis
773 2387 875 2423 mitto
905 2396 1103 2434 quaerere3
1134 2384 1181 2421 de
1210 2383 1292 2421 solo
1313 2392 1425 2419 versu
1450 2391 1522 2429 po-

184 2460 323 2495 stremo
366 2466 464 2493 nunc
507 2455 641 2492 dicam.
711 2454 791 2497 Quo
838 2452 986 2503 quidem
1031 2450 1127 2489 idem
1169 2450 1297 2487 Festus
1338 2447 1451 2485 utitur
1489 2456 1525 2498 p.

183 2524 272 2574 297,
302 2523 362 2562 34.
