1708 2956
720 52 977 125 414-

189 205 285 245 agea
304 213 343 229 =
364 194 483 244 α’γυῖα
521 196 560 233 in
590 196 663 234 hoc
690 206 802 234 versu
836 196 949 233 multa
984 195 1073 244 foro
1099 195 1206 244 ponit
1231 199 1266 232 et
1291 206 1385 245 ayea
1420 196 1528 247 lonya

544 263 719 310 repletur,
740 262 786 300 de
801 273 874 311 quo
894 262 991 300 infra
1008 263 1114 311 plura
1135 262 1267 301 dicam.

191 328 329 365 bradus
343 327 553 376 εβραδὺς.
570 329 698 367 Festus
716 329 843 376 p.278,
857 329 892 367 3.
902 329 947 366 M.
966 329 1012 367 cf.
1029 329 1088 367 ed.
1108 330 1204 378 Lips.
1226 334 1260 378 p.
1290 329 1371 366 161.

187 393 310 442 Atque
341 393 399 431 his
427 394 575 443 quidem
607 393 814 441 vocabulis,
842 395 874 432 si
899 394 1031 433 lexicis
1053 395 1146 433 fides
1165 399 1233 442 est,
1251 406 1322 433 nec
1343 398 1429 432 ante
1446 397 1523 434 En-

186 460 286 497 nium
316 460 507 509 quisquam
535 471 606 497 nec
644 464 728 509 post
756 472 840 498 eum
866 471 955 498 usus
984 464 1052 498 est.
1105 461 1163 499 Ab
1190 462 1309 499 Ennio
1338 461 1457 510 primo
1486 467 1525 500 ut

184 527 332 565 videtur
348 531 536 576 usurpata,
559 526 626 565 sed
646 531 729 575 post
744 527 939 565 multorum
959 538 1028 565 usu
1047 527 1278 577 frequentata
1305 528 1399 566 haec
1418 532 1522 566 sunt:

187 594 286 642 spira
303 612 343 626 =
363 597 517 641 σπεῖρα.
533 593 663 630 Festus
675 603 709 640 p.
726 591 814 639 330,
828 592 888 630 20.
903 592 951 629 Μ.
969 592 1017 629 cf.
1035 592 1094 630 ed.
1110 593 1207 641 Lips.
1222 605 1256 642 p.
1277 594 1359 631 17¹.

186 663 288 697 aetra
309 680 344 695 ε
364 657 496 709 αἴθρη.
513 658 677 697 Macrob.
692 658 767 698 Sat.
778 658 840 705 Vl,
850 658 887 705 4,
904 657 961 695 19.
979 657 1075 695 Jani.
1090 659 1137 696 cf.
1150 659 1315 708 ed.Lips.
1330 670 1362 708 p.
1378 659 1460 697 165.

183 725 374 776 Huperion
392 745 430 759 =
455 723 636 775 ὖπερίων.
661 724 871 762 Priscianus
888 725 932 772 V,
960 725 1005 772 8,
1023 724 1086 762 44.
1112 737 1145 773 p.
1171 725 1246 763 658
1268 726 1304 763 P.
1333 726 1380 763 cf.
1411 726 1469 763 ed.

716 791 813 839 Lips.
834 802 869 839 p.
892 791 976 829 140.
1479 785 1491 794 “

182 857 313 895 lucnus
328 854 525 905 ελύχνος.
546 856 711 895 Macrob.
723 857 797 895 Sat.
806 856 868 904 VI,
879 856 1097 904 4,18.Jani.
1116 856 1163 893 cf.
1180 856 1237 894 ed.
1251 856 1347 905 Lips.
1362 868 1396 905 p.
1413 857 1495 895 132.

183 925 353 965 sibunum
366 943 405 960 =
415 923 567 974 σιβύνη.
583 924 713 964 Festus
726 924 823 963 Pauli
847 935 881 973 p.
892 923 968 963 336
981 923 1028 962 Μ.
1045 924 1093 962 cf.
1109 923 1167 963 ed.
1179 924 1276 973 Lips.
1288 935 1321 973 p.
1339 925 1422 963 111.

183 1003 296 1041 sagus
312 1009 350 1024 =
368 988 496 1039 σάγος.
516 991 658 1029 Nonius
677 1002 712 1039 p.
730 991 817 1037 223,
834 990 894 1028 29.
912 991 960 1028 cf.
972 990 1030 1028 ed.
1056 991 1153 1038 Lips.
1170 1001 1203 1038 p.
1227 991 1287 1027 75.

185 1058 288 1097 Haec
316 1058 429 1108 igitur
454 1057 637 1096 vocabula
663 1056 787 1104 omnia
817 1056 864 1095 ab
890 1056 1011 1095 Ennio
1040 1057 1159 1106 primo
1187 1057 1226 1094 in
1243 1066 1454 1096 sermonem
1469 1055 1527 1093 la-

185 1125 301 1163 tinum
337 1124 451 1162 inlata
485 1135 570 1162 esse
610 1123 784 1170 credam,
829 1123 914 1161 dum
943 1127 1028 1161 ante
1057 1124 1215 1161 Ennium
1246 1124 1283 1160 in
1311 1134 1380 1160 usu
1408 1122 1526 1160 fuisse

183 1190 360 1240 exemplis
389 1190 592 1228 edocebor.
660 1190 871 1228 Occurrunt
908 1189 981 1227 alia
1017 1189 1117 1228 velut
1151 1200 1298 1238 pausa,
1333 1199 1524 1237 macac-ra,

185 1269 280 1306 quae
303 1258 425 1295 Ennio
455 1257 666 1305 antiquiora
693 1256 880 1303 videntur,
907 1257 1041 1305 quippe
1067 1269 1087 1294 a
1113 1257 1237 1294 Plauto
1266 1260 1452 1304 usurpata.

303 1323 414 1360 Addo
440 1322 742 1360 observationem
770 1322 817 1360 de
843 1322 869 1359 d
892 1322 1124 1372 paragogico
1155 1323 1253 1371 quod
1269 1325 1419 1370 vocant,
1450 1332 1522 1370 quo

183 1390 325 1429 Ennius
364 1400 442 1428 non
485 1389 633 1427 dubium
671 1393 728 1427 est
773 1389 860 1438 quin
900 1399 990 1428 usus
1026 1389 1074 1427 sit
1102 1389 1140 1427 in
1166 1388 1378 1438 Epicharmi
1414 1399 1525 1428 versu

182 1469 270 1495 nam
307 1456 463 1494 videbar
500 1456 688 1493 somniare
728 1456 811 1493 med
844 1467 909 1504 eqo
947 1467 1029 1493 esse
1056 1460 1248 1493 mortuum.
1316 1457 1397 1493 Hoc
1425 1455 1523 1493 enim

185 1523 285 1561 valet
310 1533 367 1559 me
391 1526 436 1570 et,
468 1522 567 1571 quod
596 1522 634 1559 in
660 1522 765 1559 libris
794 1525 850 1559 est
874 1521 969 1570 apud
985 1521 1204 1560 Ciceronem
1230 1525 1373 1571 quaest.
1402 1521 1522 1559 Acad.

185 1589 231 1636 ΙΙ,
256 1589 313 1636 16,
330 1590 390 1626 51.
434 1588 508 1627 Sed
537 1588 694 1626 eandem
722 1588 882 1626 litteram
901 1588 1115 1626 odofredus
1127 1581 1324 1626 Muellerus
1352 1588 1399 1625 de
1428 1598 1524 1625 con-

186 1654 327 1692 iectura
353 1654 391 1690 in
405 1654 570 1692 Annales
599 1653 731 1700 intulit,
762 1663 872 1702 quem
898 1663 971 1703 ego
998 1664 1075 1691 non
1101 1664 1248 1702 sequar.
1278 1654 1407 1691 Festus
1426 1653 1524 1690 enim

185 1732 220 1770 p.
236 1720 457 1768 206‚12.M.
485 1720 532 1758 de
557 1723 668 1768 petr'a
692 1731 789 1758 voce
815 1720 887 1757 hoc
913 1709 1026 1758 versu
1056 1720 1165 1758 Ennii
1190 1721 1321 1758 utitur:
1350 1719 1432 1757 Alte
1458 1720 1526 1757 de-

183 1788 261 1825 lata
289 1786 492 1835 ceterisque
516 1786 720 1835 inqentibus
747 1789 853 1824 tecta.
908 1787 978 1831 Qui
1009 1791 1203 1836 corruptus
1231 1790 1298 1825 est.
1328 1787 1384 1824 Ac
1404 1786 1521 1825 Scali-

186 1866 255 1907 ger
282 1854 370 1892 olim
394 1854 530 1892 inferto
553 1864 687 1902 specus
713 1853 898 1892 vocabulo
924 1854 1021 1891 haec
1048 1853 1283 1892 coniectabat
1320 1853 1401 1891 Alte
1428 1853 1527 1891 elata

183 1933 318 1970 specus
360 1922 550 1969 petrisque
587 1921 790 1969 inqentibus
832 1925 938 1958 tecta.
1019 1921 1223 1959 Verissime
1264 1921 1452 1968 petrisque
1487 1925 1527 1958 ut

185 1992 270 2026 ante
321 1999 405 2026 eum
447 1988 631 2025 Antonius
681 1987 923 2037 Augustinus.
993 1988 1072 2032 Qua
1117 1998 1212 2025 voce
1266 1988 1417 2024 omnino
1461 1998 1528 2024 ca-

184 2055 262 2093 reri
305 2064 382 2091 non
424 2064 538 2102 posse
579 2053 717 2091 diserte
765 2053 895 2091 Festus
934 2053 1069 2100 docet3
1122 2053 1170 2090 de
1207 2053 1359 2091 relicuis
1405 2053 1527 2091 addu—

186 2119 264 2156 bito
301 2129 383 2156 cum
409 2117 599 2156 Muellero.
665 2128 737 2156 nec
763 2118 861 2156 enim
888 2121 1029 2156 temere
1056 2118 1251 2157 inferenda
1280 2123 1337 2157 est
1373 2119 1410 2157 in
1448 2119 1527 2158 En-

187 2186 286 2223 nium
314 2189 487 2233 correpta
512 2188 598 2222 ante
625 2183 767 2222 litteras
801 2195 847 2231 sp
875 2184 1018 2223 vocalis
1028 2198 1039 2232 3
1072 2185 1216 2233 qualem
1250 2186 1526 2234 correptionem

187 2252 323 2289 ferrem
352 2251 523 2300 equidem
550 2251 584 2288 si
610 2250 660 2287 ita
692 2251 867 2299 scriptum
903 2251 941 2287 in
968 2251 1074 2288 libris
1106 2262 1191 2289 esse
1217 2252 1397 2290 viderem.
1451 2252 1524 2290 Sed

187 2317 286 2366 quod
313 2318 528 2357 coniectura
554 2317 694 2355 inferre
720 2328 796 2355 non
816 2318 951 2365 audeo,
979 2318 1053 2356 hoc
1072 2322 1129 2356 est
1143 2318 1241 2367 quod
1258 2318 1426 2369 Vergilio
1445 2329 1526 2357 eam

186 2395 262 2422 non
279 2385 432 2422 licuisse
458 2383 582 2421 video.
613 2385 704 2421 Nam
730 2384 794 2420 uni
824 2384 993 2432 exemplo
1023 2384 1121 2432 quod
1139 2385 1318 2422 librorum
1335 2385 1407 2422 fide
1427 2394 1521 2421 con-

185 2455 256 2489 stat
268 2451 405 2498 ponite.
423 2461 512 2498 spes
525 2449 597 2487 sibi
611 2450 778 2497 quisque,
807 2450 999 2488 excusatio
1018 2450 1063 2487 ab
1079 2451 1378 2499 interpunctione
1395 2453 1523 2498 parata

192 2520 262 2564 est,
293 2516 415 2565 quode
442 2516 534 2554 dixit
562 2515 745 2564 Philippus
771 2516 985 2565 Wagnerus
1013 2515 1061 2553 ad
1088 2516 1183 2554 Aen.
1206 2515 1270 2563 ΧΙ,
1304 2514 1393 2554 309.
1447 2515 1525 2555 Nec
