1708 2956
236 581 255 619 1
262 610 270 618 .

237 661 274 700 2.

234 743 271 781 3.

233 892 271 928 4.

235 975 272 1010 5.

119 1724 132 1767 j·
213 1713 273 1752 10.

212 1863 273 1903 11.

213 1944 273 1985 12.

658 391 1111 443 Themata.

316 580 360 617 In
389 579 521 617 critica
548 583 631 617 arte
649 556 859 628 factitando
881 591 1025 618 summa
1050 580 1129 619 dux
1151 580 1336 630 sequenda
1362 584 1418 618 est
1441 579 1550 619 ratio.

315 660 564 710 Epicharmus
587 660 701 699 Ennii
725 672 801 699 non
822 661 897 710 fuit
921 672 1072 700 cannen
1098 662 1346 712 πολύμετρον.
1458 658 1461 660 ’

313 743 534 780 Aristoteles
557 742 795 780 Rhetoricam
822 742 966 780 duobus
988 742 1095 781 libris
1111 743 1393 792 comprehendit,
1424 742 1553 780 tertius

310 809 375 858 qm·
393 809 517 857 fertur
544 808 600 847 e‘st
625 808 720 847 liber
746 807 837 859 περὶ
860 810 1007 855 λέξεως.

311 889 479 928 Naevius
503 891 660 938 scripsit
681 893 914 938 praetextas.

312 971 503 1009 Plutarchi
521 971 654 1009 Moral.
675 983 713 1019 p.
735 972 796 1009 59.
827 972 871 1009 A.
894 974 929 1009 5.
956 972 1013 1009 sic
1037 972 1186 1009 emendo
1237 972 1285 1008 ου’
1313 970 1441 1009 τοίνυν
1470 953 1554 1009 063¹

311 1035 580 1088 ἄνθρωπον
611 1033 748 1083 ἄτοπος
776 1034 826 1075 ἄν
850 1035 910 1089 εἴη
936 1035 1126 1085 ἐπαινῶν,
1150 1037 1188 1075 εἴ
1211 1052 1255 1075 τι
1271 1051 1286 1082 ς
1315 1038 1366 1075 ἐπ
1383 1035 1552 1076 ιιι-νού-

310 1121 337 1154 μ
349 1120 367 1143 ε
380 1121 398 1143 ν
410 1119 429 1142 ο
441 1119 459 1149 ς
487 1105 684 1156 ὠφέλιμος
711 1100 763 1142 ἔσ
774 1120 796 1142 τ
806 1120 829 1143 α
843 1119 856 1141 ι
884 1106 950 1143 καί
980 1102 1198 1156 πάμφορος.

322 1186 458 1225 Versus
473 1185 668 1224 Ennianus
697 1186 760 1234 qui
776 1190 833 1223 est
845 1186 947 1234 apud
967 1185 1167 1225 Varronem
1185 1187 1229 1224 de
1249 1187 1270 1225 l.
1285 1187 1307 1225 l.
1330 1185 1406 1237 VII,
1421 1187 1484 1225 46.
1499 1185 1548 1225 M.

313 1253 537 1292 coniecturis
562 1252 824 1301 corrumpitur.

312 1334 418 1380 Quae
443 1335 483 1371 in
509 1333 721 1371 Aristotelis
740 1334 857 1370 Echio.
881 1333 1021 1374 Nicom.
1038 1345 1077 1382 p.
1093 1334 1184 1382 201,
1198 1334 1365 1373 20-32.
1391 1334 1445 1373 od.
1466 1334 1553 1372 mira.

314 1400 426 1442 Bekk.
455 1400 669 1449 vulqantur,
694 1400 830 1448 spuria
854 1405 950 1438 sunt.
995 1414 1000 1418 ·

312 1482 460 1520 Falsum
488 1486 544 1519 est
570 1480 766 1518 Niebuhrii
791 1482 835 1520 de
850 1482 1037 1520 Herodoto
1053 1481 1214 1520 Choerili
1229 1481 1348 1521 Samii
1368 1482 1555 1520 imitatore

310 1548 497 1587 iudicium.
949 1593 951 1595 ¹

318 1630 465 1680 Veryilii
481 1629 574 1668 Aen.
592 1630 659 1679 IX,
674 1631 759 1668 764.
785 1630 1035 1677 reponendum
1063 1634 1120 1667 est
1144 1634 1159 1667 t
1167 1642 1186 1667 e
1195 1642 1215 1666 r
1222 1643 1246 1679 q
1257 1642 1280 1667 u
1289 1642 1319 1671 s.

312 1711 458 1751 Nullius
490 1712 576 1761 fidoi
619 1715 678 1750 est
712 1711 891 1750 librorum
934 1710 1238 1750 Plutarcheorum
1276 1712 1340 1761 qui
1378 1711 1552 1762 vulgatur

315 1780 518 1830 catalogus.
926 1788 930 1791 ·

313 1861 473 1911 Scripsit
496 1861 642 1900 Ennius
667 1860 835 1900 Medeam
862 1860 1128 1900 Atheniensem,

313 1943 416 1982 Non
440 1944 589 1981 multa
624 1943 806 1992 inyem'i
845 1943 1033 1980 lumina
1059 1954 1139 1980 -cur
1175 1942 1346 1980 Lucretio
1384 1941 1554 1980 tribuerit

315 2010 458 2060 Cicero,
487 2020 561 2048 uon
589 2014 689 2049 recto
713 2010 975 2049 Lachmannus
1002 2009 1233 2048 diiudicavit.
