1708 2956
735 105 985 143 -13-

216 212 354 251 Surum
406 211 611 259 dicebant,
666 225 714 251 esc
762 224 833 263 quo
887 215 974 266 {per
1032 212 1187 265 demi-J

202 276 405 326 [nationem
456 279 630 316 surculus
684 279 767 327 fac]
782 303 805 310 -
820 283 893 316 tum
950 283 1015 316 est.
1113 278 1225 315 Plau-

203 345 282 387 [tue
334 344 392 393 in]
477 373 485 381 .
566 373 573 381 .
659 372 667 381 .
747 373 755 381 .
837 373 845 380 .
925 344 1076 395 [surus]
1124 354 1198 380 non
1248 347 1302 380 est
1353 343 1428 381 tibi.

173 451 175 453 ¹
203 411 351 454 [surum
410 410 578 448 dicebant
627 411 774 460 pulpam
802 439 812 459 ‚
865 410 949 447 item
982 423 994 446 .·
1044 420 1130 447 nam
1177 409 1241 458 qm:
1267 436 1284 444 -

1101 487 1166 514 cus
1216 476 1379 514 surculis
1405 504 1416 523 ‚

1088 552 1124 577 m
1148 569 1159 589 ‚
1215 543 1288 577 tum
1337 539 1438 589 poli-

202 608 350 657 [ebant]
451 638 460 647 .
542 636 550 645 .
630 637 638 644 .
719 636 726 645 .
807 636 815 644 .
897 635 904 643 .
986 635 994 645 .
1074 639 1083 648 .
1164 635 1172 644 .
1229 611 1294 644 aut
1347 607 1476 644 asulae

1179 685 1245 711 rus
1296 685 1424 711 surum

1009 752 1052 778 re
1100 745 1262 790 possent.

329 838 392 874 ubi
422 837 552 874 Paulus
580 838 750 885 quidem:
779 838 914 875 Surum
937 839 1128 886 dicebant,
1164 850 1212 875 ex
1238 848 1309 886 quo
1333 849 1403 885 per
1430 838 1537 875 dimi-

169 902 174 905 ’
204 902 387 941 nationem
410 903 450 952 Ῑὶι
477 904 661 942 surculus.
692 903 858 947 Ennius.-
887 904 988 943 Unus
1005 916 1118 943 surus
1137 916 1266 942 surum
1282 904 1400 953 [erret
1416 908 1536 944 tamen

205 970 399 1019 defendere
423 976 587 1020 possent.

326 1067 502 1106 Merulam
530 1067 645 1104 credo
673 1078 739 1105 sua
771 1071 979 1106 commenta
1008 1068 1143 1106 nemini
1171 1067 1244 1105 nisi
1266 1067 1400 1106 editori
1413 1067 1537 1116 Lipsi-

208 1134 289 1171 ensi
316 1135 560 1181 persuasisse.
613 1134 690 1172 Nec
715 1126 928 1172 Muellerum
955 1136 1092 1183 probo,
1129 1134 1190 1183 qui
1218 1134 1427 1171 dubitanter
1453 1134 1538 1182 qui-

210 1200 291 1237 dem
344 1201 439 1239 haec
484 1201 681 1250 scripsisse
722 1201 879 1239 Ennium
915 1202 1122 1250 suspicatur
1172 1201 1211 1237 in
1246 1212 1358 1238 unum
1401 1200 1536 1238 Surum

208 1268 259 1305 ad
293 1279 421 1306 aarum
458 1268 553 1316 ferte
594 1273 714 1306 tamen
755 1269 948 1317 defendere
970 1273 1143 1317 possent,
1184 1268 1356 1306 nimirum
1396 1277 1537 1305 memor

208 1335 419 1383 Aesopicae
449 1335 639 1373 cuiusdam
668 1335 827 1383 fabulae,
852 1332 937 1383 ‘qua
967 1346 1084 1373 senex
1103 1335 1282 1373 fasciculo
1302 1334 1450 1372 fustium
1468 1344 1537 1371 so-

208 1400 308 1449 luto,
350 1401 580 1451 singulisque
618 1401 744 1439 fractis
781 1401 1008 1439 concordiae
1039 1402 1208 1440 virtutem
1246 1397 1535 1439 demonstravit’.

208 1467 353 1505 Etenim
379 1479 507 1516 parum
529 1468 711 1506 rationem
740 1468 926 1517 perspicio
966 1479 1037 1517 qua
1073 1468 1110 1505 in
1136 1467 1342 1505 Annalibus
1380 1467 1538 1505 maxime

207 1533 330 1572 locum
357 1535 526 1572 habuerit
551 1535 643 1573 haec
669 1534 962 1582 narratiuncula,
1000 1535 1060 1572 cui
1094 1546 1141 1572 ne
1178 1537 1263 1572 sunt
1298 1533 1446 1582 quidem
1472 1533 1534 1571 illa

207 1602 321 1639 verba
355 1602 474 1651 qualia
515 1602 712 1639 Muellerus
747 1602 936 1639 constituit
972 1601 1226 1639 accomodata.
1281 1600 1374 1639 Vide
1411 1600 1536 1651 igitur,

209 1678 293 1705 num
329 1668 556 1717 probabilius
595 1669 681 1718 quid
717 1669 786 1717 ipsi
822 1669 1172 1719 excogitaverimus.
1235 1668 1404 1706 Coniicio
1440 1668 1538 1705 enim

210 1735 367 1772 Ennium
392 1736 588 1784 scripsisse
613 1746 724 1771 unum
750 1735 789 1771 in
815 1735 949 1773 Sorum
976 1745 1088 1771 suros
1120 1735 1238 1782 ferre,
1265 1734 1318 1771 ita
1346 1735 1439 1771 enim
1467 1734 1535 1771 de-

208 1801 361 1848 fendere
385 1806 563 1848 possunt.
594 1802 646 1838 ita
673 1802 767 1838 enim
795 1801 1012 1840 coalescere
1028 1801 1065 1837 in
1085 1805 1204 1837 tamen
1220 1800 1331 1838 facile
1346 1801 1425 1847 fuit,
1444 1811 1540 1849 quo-

210 1867 309 1904 niam
339 1867 558 1916 compendio
588 1868 785 1917 antiquitus
813 1879 857 1904 en
876 1866 1090 1905 scribebant
1104 1877 1170 1915 pro
1191 1866 1296 1903 enim.
1317 1866 1364 1905 cf.
1386 1866 1540 1905 Muelle-

210 1945 273 1972 rus
285 1934 401 1973 Praef.
425 1935 462 1971 in
474 1936 583 1973 Varr.
601 1947 633 1984 p.
648 1934 776 1974 XXVI.
807 1935 995 1973 Sententia
1009 1933 1106 1971 haud
1119 1935 1298 1973 obscura:
1318 1945 1426 1974 suros
1442 1935 1538 1972 enim

210 2001 315 2049 palos
345 2001 434 2038 dicit
460 2002 599 2040 Ennius
636 2002 697 2050 qui
724 2000 991 2048 crebrisurum,
1022 2001 1120 2049 quod
1149 2001 1277 2039 Festus
1301 2001 1399 2038 Pauli
1425 2013 1459 2050 p.
1475 2003 1535 2038 59.

211 2071 378 2116 testatur,
407 2069 597 2117 usurpavit
620 2068 666 2106 de
695 2067 790 2105 vallo
821 2067 964 2105 crebris
988 2066 1080 2115 palis
1108 2067 1259 2104 munito.
1313 2068 1387 2106 Sed
1414 2079 1539 2106 sorum

211 2132 256 2169 h.
276 2144 308 2170 e.
336 2131 462 2182 σωρόν
500 2134 623 2182 intuli,
662 2144 878 2183 quamquam
915 2145 1095 2182 nusquam
1131 2134 1277 2172 obviam
1312 2134 1448 2172 factum
1485 2139 1542 2173 est

212 2199 301 2236 mihi
324 2200 560 2248 perlustranti
603 2201 718 2239 libros
747 2212 768 2239 c
796 2201 926 2250 quibus
954 2201 1041 2239 licet
1070 2200 1227 2239 subinde
1254 2201 1402 2250 priscae
1436 2205 1541 2239 aeta‘-

213 2267 258 2304 tis
288 2267 458 2317 fragmen
494 2268 642 2316 aliquod
680 2269 877 2317 expiscari.
931 2269 980 2305 At
1010 2268 1048 2304 in
1082 2272 1251 2316 promptu
1285 2272 1343 2305 est
1368 2268 1541 2317 analogia

215 2345 296 2372 cum
334 2334 442 2372 Ennii
480 2339 553 2373 tum
581 2335 732 2385 Lucilii,
767 2336 871 2374 cuius
907 2346 983 2373 non
1015 2346 1155 2385 paucos
1193 2346 1323 2374 versus
1364 2334 1541 2373 restitutis

212 2402 362 2451 graecis
389 2402 545 2439 vocibus
573 2403 783 2440 emendavit
804 2403 1070 2440 Lachmannus.
1125 2403 1165 2439 ln
1191 2401 1395 2439 Annalibus
1423 2405 1543 2439 autem

213 2468 323 2507 Ennii
351 2468 443 2507 haec
470 2479 692 2520 graecorum
719 2468 984 2508 vocabulorum
1011 2468 1177 2518 exempla
1205 2471 1349 2507 extant:

212 2538 331 2574 termo
344 2556 382 2570 =
393 2536 554 2588 τέρμων.
567 2538 695 2576 Festus
705 2549 740 2587 p.
752 2538 839 2587 363,
850 2538 910 2576 23.
924 2538 970 2576 M.
981 2537 1188 2576 cf.Enn.ed.
1200 2537 1296 2586 Lips.
1307 2547 1341 2586 p.
1356 2535 1417 2574 97.
1433 2539 1469 2575 et
1479 2536 1541 2575 99.
