1708 2956
212 198 312 237 lius
341 199 445 238 ictus
479 199 682 239 Columnae
709 201 909 239 editionem
939 212 1034 250 quae
1059 202 1131 240 iam
1152 211 1348 240 rarescere
1367 202 1549 252 inciperet

210 265 334 303 denuo
359 265 648 309 submittendam
676 266 781 315 prelo
813 267 976 315 curavit,
1022 268 1082 317 qui
1114 279 1184 307 nec
1219 266 1363 306 addidit
1396 269 1443 308 de
1469 269 1546 308 suis

213 343 284 370 nec
318 333 473 371 mutavit
496 334 708 382 quidquam,
741 334 839 382 quod
868 334 915 371 ad
941 346 1018 372 rem
1046 335 1250 382 pertineat:
1278 335 1435 374 formam
1465 348 1548 374 mu-

211 398 305 436 tavit
328 402 545 437 externam:
573 399 646 437 nisi
675 399 773 448 quod
800 404 929 438 auctus
957 404 1014 438 est
1042 400 1103 439 hic
1130 401 1225 439 liber
1251 412 1332 439 cum
1358 394 1546 442 variorum

210 465 248 503 in
274 465 432 503 Ennium
460 466 687 504 coniecturis
714 470 750 504 et
769 467 1092 505 emendationibus
1108 472 1180 506 tum
1197 468 1321 505 indice
1334 469 1546 507 verborum.

210 531 333 579 Atque
371 530 532 568 eandem·
571 535 722 579 operam
764 542 872 579 quam
914 531 1117 570 Columnae
1155 533 1344 571 Hesselius
1383 533 1546 573 Merulae

209 608 339 636 rursus
375 597 481 636 lCtus
510 599 708 646 (crederes
739 599 837 636 enim
864 598 970 636 lCtos
1005 600 1077 638 sibi
1117 601 1275 637 Ennium
1313 600 1546 647 vindicasse)

209 664 386 702 adhibuit.
435 666 571 704 Lucem
599 665 692 702 vidit
721 664 815 702 haec
844 665 958 702 editio
986 666 1132 713 Lipsiae
1148 657 1450 705 amioioeceffi.
1505 666 1545 703 in

211 741 284 779 qua
311 741 445 769 versus
471 730 646 780 leguntur
673 730 767 777 fere,
794 730 922 778 quales
949 731 1089 768 Merula
1123 731 1337 779 constituit,
1377 732 1545 769 abstersa

207 800 345 835 tantum
381 797 601 847 prodigiosa
642 807 713 846 qua
750 797 812 835 ille
849 808 937 835 usus
970 797 1037 835 fuit
1075 798 1366 848 orthographiae
1392 798 1545 847 specie;

191 874 428 916 >quamquam
465 864 583 912 potuit
631 864 692 900 hic
731 864 853 901 editor
886 874 962 900 non
1000 874 1118 911 pauca
1157 875 1178 900 a
1213 863 1353 900 Merula
1391 867 1545 911 peccata

210 928 432 979 corrigere,
472 928 585 966 modo
622 928 738 967 libros
777 928 953 967 evolvere
988 928 1070 966 viro
1108 929 1207 966 bono
1242 928 1436 976 libuisset3
1477 929 1544 968 sed

209 994 326 1032 voluit
361 1006 540 1032 summam
569 1005 721 1042 operam
753 1006 857 1032 suam
884 995 921 1031 in
938 994 1201 1042 ·disponendis
1230 995 1448 1043 fragmentis
1474 1006 1545 1042 po-

209 1058 317 1097 sitam
358 1071 454 1099 esse.
509 1060 549 1098 In
586 1070 655 1109 qua
694 1070 737 1097 re
777 1070 857 1097 cum
896 1059 1103 1098 temeritate
1128 1063 1203 1098 tum
1241 1063 1390 1109 stupore
1415 1060 1545 1098 mirum

209 1129 385 1175 quantum
412 1126 629 1176 magistrum
657 1126 847 1174 superavit
876 1126 1034 1164 assecla.
1092 1127 1163 1172 Qui
1188 1126 1334 1164 scilicet
1349 1128 1544 1175 praestitit,

211 1192 311 1240 quod
348 1192 382 1229 si
416 1191 523 1229 iustis
557 1190 764 1228 rationibus
793 1191 1064 1238 praestitisset,
1102 1195 1203 1228 esset
1237 1191 1407 1240 profecto
1447 1192 1545 1240 quod

207 1257 319 1295 nobis
345 1256 640 1305 gratularemur:
669 1256 836 1303 exceptis
867 1256 964 1292 enim
992 1255 1179 1293 minutulis
1201 1256 1420 1304 quibusdam
1438 1258 1545 1307 frag-

208 1322 367 1370 mentis,
402 1332 559 1371 quorum
585 1332 672 1370 pars
700 1333 747 1360 ne
773 1325 830 1359 est
855 1321 1003 1370 quidem
1033 1332 1080 1359 ex
1105 1320 1311 1360 Annalibus
1339 1323 1543 1372 desumpta,

210 1390 379 1442 singulos
405 1401 538 1428 versus
564 1391 604 1427 in
632 1393 735 1428 certa
764 1389 856 1428 sede
882 1390 1094 1427 collocavit.
1149 1390 1263 1433 Quasi
1287 1389 1359 1427 hoc
1378 1390 1438 1428 vel
1462 1395 1546 1428 tan-

208 1457 276 1495 tilli
305 1460 407 1495 esset
428 1456 584 1507 ingenii,
613 1458 647 1495 si
679 1456 827 1505 quidem
857 1455 1167 1506 quemadmodum
1185 1455 1256 1494 iste
1277 1451 1545 1493 absurdissima

207 1532 379 1571 quaeque
402 1522 602 1572 ingenioso
627 1526 762 1571 poetae
788 1522 990 1560 obtrudere
1010 1525 1046 1560 et
1062 1532 1158 1570 quae
1178 1532 1226 1560 ne
1251 1521 1382 1559 umbra
1398 1522 1546 1571 quidem

206 1587 480 1636 probabilitatis
520 1589 685 1626 nituntur
712 1589 907 1627 admittere
935 1598 1010 1625 non
1050 1587 1253 1625 erubescis.
1308 1587 1389 1631 Quo
1423 1588 1542 1637 magis

208 1654 340 1692 mirum
366 1658 436 1702 est,
464 1654 564 1703 quod
587 1659 672 1703 post
698 1654 880 1693 editorem
897 1654 1127 1702 Lipsiensem
1154 1664 1263 1692 nemo
1283 1653 1328 1691 ad
1345 1653 1542 1691 Annalium

207 1720 416 1771 fragmenta
453 1721 695 1770 perpolienda
737 1725 773 1759 et
813 1720 1045 1769 disponenda
1081 1720 1253 1759 accessit.
1320 1720 1545 1768 Quamquam

209 1787 333 1826 bonae
366 1786 487 1837 frugis
523 1798 599 1825 non
638 1799 758 1837 pauca
786 1788 833 1825 ad
867 1787 1023 1825 Ennium
1052 1786 1332 1825 emaculandum
1356 1796 1424 1834 per
1448 1789 1546 1822 tem-

207 1855 311 1903 poris
336 1857 495 1892 tractum
520 1864 603 1891 cum
632 1852 720 1891 alibi
748 1852 857 1890 allata
892 1856 999 1901 sunt,
1035 1856 1110 1889 tum
1149 1851 1308 1889 maxime
1343 1850 1381 1887 in
1416 1860 1544 1888 eorum

209 1921 457 1970 scriptorum,
495 1921 558 1970 qui
594 1920 702 1958 huius
738 1923 872 1968 poetae
899 1919 1070 1957 versibus
1096 1919 1154 1956 usi
1182 1921 1279 1966 sunt,
1308 1917 1545 1955 editionibus.

331 1988 381 2025 At
408 1987 448 2024 hi
475 1986 679 2034 scriptores
706 1985 857 2022 multum
878 1984 984 2022 abest
1007 1988 1046 2021 ut
1071 1994 1200 2022 omnes
1215 1984 1287 2021 iam
1308 1982 1358 2018 ita
1374 1981 1420 2018 ad
1435 1981 1545 2018 fidem

211 2052 546 2101 manuscriptorum
571 2050 740 2088 revocati
766 2050 852 2098 sint,
880 2054 919 2087 ut
937 2052 973 2086 et
989 2049 1134 2097 possint
1147 2048 1314 2097 plerique
1332 2052 1368 2085 et
1388 2048 1547 2085 debeant

211 2118 411 2168 aliquando
438 2117 626 2154 revocari.
681 2116 875 2154 Festum
915 2116 1067 2165 quidem.
1092 2118 1177 2163 post
1206 2114 1342 2151 editum
1368 2114 1413 2151 ab
1440 2112 1546 2151 Hen-

208 2186 291 2224 rico
320 2184 440 2223 Keilio
468 2184 760 2233 supplementum
798 2183 894 2230 (vid.
924 2195 1011 2221 nov.
1040 2194 1132 2221 mus.
1160 2182 1276 2222 Rhen.
1305 2180 1362 2221 Vl.
1388 2192 1422 2230 p.
1456 2180 1543 2219 619.

208 2255 310 2299 sqq.)
334 2249 534 2296 habemus,
577 2236 885 2297 quemadmodum
912 2259 1006 2285 unus
1035 2248 1141 2286 huius
1167 2246 1400 2298 grammatici
1425 2246 1546 2283 codex

208 2316 364 2356 tradidit
388 2316 559 2355 lacinias.
612 2316 658 2354 Ut
683 2316 755 2354 iam
784 2316 904 2355 omnis
935 2316 1015 2354 eius
1044 2315 1254 2355 emendatio
1282 2315 1419 2353 nitatur
1452 2324 1546 2352 con-

211 2383 367 2421 iectura.
421 2382 495 2420 Sed
526 2382 625 2419 idem
645 2393 693 2420 ne
713 2382 752 2419 in
774 2382 837 2420 Va
851 2393 931 2420 rro
946 2382 1019 2419 nis
1047 2381 1195 2430 quidem
1214 2382 1332 2420 libros
1354 2382 1401 2420 de
1419 2381 1547 2430 lingua

209 2447 323 2486 latina
353 2447 466 2496 cadit,
494 2459 650 2497 quorum
678 2459 825 2486 omnem
855 2448 981 2486 crisim
1011 2452 1136 2486 notum
1161 2452 1220 2486 est
1244 2448 1283 2485 in
1306 2447 1439 2485 codice
1458 2447 1547 2485 Flo-

206 2514 355 2554 rentino
382 2515 543 2565 positam
570 2526 668 2554 esse.
722 2514 862 2554 Notitia
891 2514 990 2553 enim
1014 2513 1232 2553 huius-libri
1256 2512 1392 2563 pendet
1417 2525 1438 2552 a
1462 2513 1546 2553 col-
