1708 2956
720 83 974 119 ...10-

175 186 548 227 musLudovicus
570 189 790 238 Schopen
804 201 877 239 us,
898 191 959 239 qui
974 190 1021 229 ad
1036 176 1519 230 Ennii'versusanonato

175 255 339 295 Terentii
353 255 557 305 interprete
571 261 741 295 servatos
759 269 841 296 cum
857 262 1083 297 vetustarum
1098 258 1300 297 editionum
1312 258 1516 306 Romanae,

182 320 337 359 Venetae
362 327 431 368 (ex
459 322 609 361 officina
624 323 812 361 Vindelini
828 324 1036 373 Spirensis)
1067 329 1103 363 et
1130 324 1416 361 Mediolanensis
1444 329 1517 363 tum

177 387 350 426 codicum
388 388 545 426 duorum
583 389 834 427 Parisinorum
866 390 1091 439 scripturas,
1133 401 1324 440 quousque
1351 391 1516 438 pertine-

176 454 265 495 bant
280 461 371 501 (nec
387 455 484 492 enim
500 456 685 505 integrum
696 457 880 494 Donatum
895 457 1219 505 complectuntur),
1242 467 1386 495 mecum
1412 467 1519 494 com-

176 521 389 559 municavit.
445 522 608 567 Quorum
637 521 807 559 codicum
834 522 927 560 alter
954 526 1010 560 est
1035 522 1202 561 Danielis
1230 535 1305 561 sec.
1335 523 1394 562 XI.
1426 521 1520 560 alter

178 586 316 636 Regius
343 598 421 626 sec.
451 587 530 625 XV.

303 653 539 692 Relicuorum
575 654 901 704 grammaticorum
957 654 1018 703 qui
1050 654 1219 693 Enniana
1262 653 1518 704 prodiderunt,

175 719 334 770 vulgatis
361 724 499 758 tantum
521 720 760 768 editionibus,
789 732 859 770 qua
878 733 944 770 par
970 722 1038 759 fuit
1064 722 1269 772 diligentia,
1300 734 1386 760 usus
1414 733 1516 759 sum:

177 797 269 834 quas
295 787 357 824 hic
377 798 579 825 recensere
607 788 659 824 nil
673 788 821 825 attinet:
850 788 923 825 nisi
952 788 1050 836 quod
1079 789 1125 825 ad
1151 789 1259 825 unius
1284 789 1423 826 Nonii
1450 788 1522 826 ali-

177 862 271 902 quos
297 852 404 891 locos
432 853 547 891 mutili
586 853 728 891 codicis
757 852 1042 902 Bamberyensis
1070 855 1272 903 scripturas
1300 855 1345 892 ab
1373 854 1515 892 Halmio

177 919 319 967 accepi.
375 919 487 957 Cuius
514 920 600 957 libri
626 920 698 956 fide
725 921 788 957 uni
813 921 939 958 versui
966 921 1100 958 videor
1128 921 1379 969 integritatem
1407 921 1521 958 resti-

177 989 283 1024 tuere
311 996 428 1034 suam‚
456 986 492 1024 ei
514 996 586 1036 quo
601 986 743 1024 Nonius
772 997 806 1036 p.
822 984 910 1035 472,
926 987 961 1025 7.
989 987 1102 1025 utitur
1137 986 1212 1024 viri
1238 997 1263 1024 a
1293 986 1429 1025 validis
1455 987 1518 1024 vi-

176 1052 282 1089 ribus
308 1053 457 1090 lactant.
512 1054 564 1092 Ita
591 1054 688 1092 enim
716 1054 849 1091 relicui
876 1054 962 1091 libri
1002 1055 1040 1090 in
1071 1064 1142 1102 qua
1170 1054 1379 1102 corruptela
1408 1065 1517 1102 spre-

175 1123 309 1156 verunt
336 1119 500 1158 editores
540 1120 796 1169 interpositam
832 1120 930 1158 inter
964 1120 1041 1156 viri
1067 1124 1103 1158 et
1131 1119 1266 1157 validis
1300 1131 1325 1157 a
1348 1120 1518 1158 litteram.

176 1184 288 1223 Cuius
317 1185 426 1235 origo
453 1187 678 1236 perspicitur
708 1198 729 1224 e
751 1187 1022 1237 Bambergensi
1045 1186 1281 1235 plenissime;
1311 1190 1350 1224 ut
1374 1186 1436 1235 qui
1464 1187 1520 1224 sic

174 1262 324 1289 versum
353 1251 527 1289 exhibeat
577 1252 690 1289 varia
718 1253 856 1289 validis
891 1252 1036 1293 viribus
1059 1253 1208 1289 lactant.
1262 1252 1377 1289 Recte
1415 1250 1518 1297 illud,

173 1327 245 1354 nec
275 1316 402 1354 dubito
444 1317 531 1365 quin
560 1317 751 1356 Ennianus
777 1318 826 1356 sit
854 1318 915 1356 hic
940 1329 1072 1356 versus
1113 1316 1277 1355 Fortuna
1306 1316 1420 1354 varia
1444 1326 1519 1353 va-

176 1383 259 1421 lidis
287 1394 369 1421 cum
391 1382 536 1421 viribus
562 1384 712 1421 lactant.

299 1448 373 1486 Sed
401 1449 576 1497 quoniam
604 1449 720 1487 semel
746 1449 906 1487 Nonium
946 1448 1150 1487 memoravi
1173 1449 1418 1498 insigniorem
1450 1448 1521 1485 ali-

178 1525 286 1564 quam
302 1525 410 1564 quam
426 1515 463 1552 in
478 1514 552 1553 hoc
565 1515 808 1565 grammatico
819 1515 1128 1564 depravatissimo
1138 1515 1209 1554 feci
1221 1514 1518 1553 emendationem

177 1582 240 1620 hic
266 1592 485 1631 proponam.
539 1583 641 1620 Haec
669 1582 768 1620 enim
795 1582 857 1619 ille
885 1593 920 1630 p.
948 1581 1043 1630 370,
1075 1581 1159 1619 20.:
1189 1581 1359 1628 Passum,
1388 1584 1517 1618 ezelen-

175 1659 270 1695 που,
297 1652 453 1695 patena
480 1648 577 1685 unde
602 1652 636 1685 et
659 1659 816 1696 passum
841 1648 1017 1695 dicimus,
1046 1648 1145 1696 quod
1166 1647 1358 1696 yressibus
1385 1646 1519 1683 mutuis

172 1715 287 1763 pedes
308 1718 516 1767 patescunt.
556 1715 715 1752 'Ennius
742 1715 942 1752 Annalium
978 1714 1039 1752 lib.
1071 1714 1117 1751 X.
1157 1724 1270 1762 aeyro
1297 1713 1428 1760 corde,
1455 1724 1521 1749 co-

175 1781 258 1826 mis,
282 1780 412 1829 passis
436 1781 510 1817 late
532 1780 669 1828 palmis
690 1783 812 1828 pater.
843 1779 969 1827 passis
998 1779 1051 1817 ait
1070 1778 1221 1827 palmis,
1245 1777 1457 1826 patentibus
1486 1780 1521 1813 et

176 1847 351 1885 extensis.
408 1848 464 1885 Ac
494 1851 690 1896 corruptus
721 1850 778 1884 est
804 1847 903 1896 quod
938 1856 1049 1883 nemo
1086 1857 1198 1884 sanus
1226 1845 1406 1882 dubitabit
1431 1855 1521 1882 ver-

177 1924 242 1952 sus
262 1913 463 1951 Ennianus.
516 1913 573 1950 De
602 1923 675 1961 quo
696 1912 895 1961 ingeniosa
913 1915 969 1949 est
980 1911 1144 1949 Merulae
1170 1912 1384 1948 coniectura
1408 1920 1521 1958 aeyro

177 1980 289 2018 corde
325 1990 451 2017 comas
470 1979 599 2027 passis
630 1978 769 2026 palmis
787 1979 1017 2027 lacerantes.
1073 1978 1188 2022 Quem
1226 1981 1349 2014 tamen
1385 1975 1521 2013 nollem

172 2047 295 2086 Nonio
323 2050 462 2084 tantum
492 2045 672 2084 confisum
692 2056 791 2093 esse,
816 2045 946 2093 passis
968 2044 1105 2093 palmis
1124 2054 1242 2082 voces
1263 2042 1518 2091 coniungenti.

172 2113 444 2164 Neglegentiae
472 2113 583 2159 enim,
612 2117 651 2149 ut
676 2116 776 2160 puto,
822 2113 980 2150 Nonium
1008 2112 1129 2160 arguit
1156 2110 1269 2147 comis
1297 2109 1518 2146 vocabulum

176 2180 275 2229 quod
312 2190 442 2217 sanum
480 2191 524 2217 ac
562 2178 864 2228 coniungendum
899 2178 1048 2215 videtur
1080 2188 1162 2215 cum
1190 2175 1329 2224 passis.
1385 2175 1458 2214 Sed
1485 2175 1523 2211 in

174 2246 355 2294 proximis
387 2246 518 2283 haeret
546 2245 778 2293 corruptela;
807 2249 917 2292 atque
943 2245 981 2280 in
1000 2247 1111 2290 pater
1137 2244 1253 2280 latere
1273 2245 1431 2289 pectora
1455 2252 1521 2277 su-

179 2311 327 2361 spicor;
368 2322 389 2348 e
417 2310 540 2349 LATE
568 2313 689 2348 autem
715 2309 811 2348 VAE
838 2303 1056 2360 particulam
1092 2308 1217 2347 elicio.
1264 2308 1326 2359 ,Ut
1355 2307 1428 2345 iam
1460 2305 1519 2344 di-

178 2379 356 2427 spiciatur
382 2377 582 2415 verborum
620 2377 829 2417 sententia:
875 2388 987 2424 aeqro
1015 2376 1135 2413 Corde
1163 2376 1275 2412 comis
1298 2374 1426 2422 passis
1449 2383 1521 2408 vae

174 2443 312 2493 palmis
331 2446 501 2492 pectora.
555 2442 701 2482 Similes
737 2442 834 2480 enim
862 2442 1004 2481 Ennius
1036 2442 1224 2492 depingit,
1265 2440 1394 2491 quales
1424 2437 1520 2487 apud

186 2510 393 2562 Vergilium
417 2510 503 2550 illae
531 2510 626 2550 Aen.
656 2511 683 2559 Ι,
712 2508 803 2548 479;
