1708 2956
478 707 1223 773 PROLEGOMENON

653 863 950 934 estvm*
996 863 1053 912 1.

429 1035 491 1074 De
517 1034 766 1074 emendandis
793 1033 1003 1074 Annalium
1027 1034 1279 1085 fraymentis.

308 1164 348 1202 ln
372 1164 481 1203 Ennii
508 1165 707 1203 Annalium
735 1165 952 1217 fragmentis
980 1165 1245 1214 conquirendis
1271 1169 1307 1203 et
1330 1165 1519 1202 illustran-

193 1232 251 1270 dis
298 1231 498 1280 praecipue
542 1232 613 1270 duo
657 1232 729 1269 viri
770 1232 857 1269 olim
899 1232 1137 1270 elaborarunt
1166 1232 1520 1280 Hieronymus

192 1298 446 1346 Columna,
474 1299 752 1347 Neapolitanus,
778 1301 815 1335 et
844 1298 1014 1336 Paulus
1041 1298 1249 1345 Merula,
1278 1298 1382 1345 lCtus
1411 1297 1522 1335 Bata-

193 1375 274 1403 vus.
318 1365 480 1409 Quorum
506 1364 582 1413 ille,
609 1364 712 1402 cuius
739 1364 854 1402 editio
871 1375 903 1402 a.
926 1366 1084 1404 cloloxc.
1102 1364 1251 1414 prodiit,
1271 1375 1352 1402 cum
1371 1363 1521 1402 omnino

194 1431 232 1468 in
260 1431 508 1481 explicatione
536 1431 826 1481 fragmentorum
854 1435 1079 1480 versaretur,
1107 1435 1181 1469 tum
1221 1431 1387 1480 inprimis
1426 1430 1523 1468 mul-

193 1497 348 1536 titudine
375 1497 623 1546 exemplorum
659 1501 832 1547 quantum
866 1502 940 1536 tam
967 1499 1232 1537 sententiarum
1266 1509 1373 1547 quam
1415 1497 1524 1534 locu-

194 1563 335 1602 tionum
358 1567 394 1602 et
419 1563 620 1602 formarum
650 1564 804 1603 Graecis
821 1564 975 1603 deberet
991 1564 1144 1614 Ennius,
1158 1565 1278 1602 Ennio
1294 1565 1522 1614 posteriores

192 1633 325 1678 poetae
348 1631 504 1668 Romani
532 1630 798 1678 comprobavit.
851 1629 990 1667 Merula
1017 1634 1164 1677 contra,
1195 1631 1255 1679 qui
1282 1641 1387 1668 suurn
1414 1628 1524 1667 Ennii

193 1697 324 1734 librum
347 1706 421 1734 non
445 1696 494 1734 ita
515 1697 627 1734 multo
641 1700 725 1745 post
747 1696 960 1734 Columnam
979 1697 1099 1734 emisit
1119 1709 1151 1734 a.
1171 1698 1371 1744 clalaxcv„
1392 1707 1524 1735 emen-

193 1763 286 1800 dare
312 1763 434 1811 potius
467 1773 575 1810 quam
614 1762 800 1809 explicare
824 1762 1000 1810 reliquias
1034 1766 1069 1799 et
1094 1774 1115 1799 e
1143 1762 1308 1799 disiectis
1349 1765 1385 1798 et
1417 1765 1525 1799 trun-

196 1827 287 1865 catis
318 1828 398 1865 fere
428 1827 603 1865 membris
634 1827 744 1865 totius
771 1827 940 1875 corporis
959 1828 1122 1875 speciem
1143 1827 1326 1876 quandam
1348 1838 1525 1876 reparare

194 1904 397 1943 aggressus
426 1897 510 1943 851·ae
547 1893 620 1931 Sed
659 1903 726 1941 pro
767 1893 859 1930 mira
888 1893 1044 1941 quadam
1073 1903 1167 1941 quae
1201 1894 1238 1930 in
1269 1893 1340 1931 hoc
1375 1894 1526 1932 homine

195 1960 263 1998 fuit
289 1960 502 2011 corrigendi
531 1959 737 1998 temeritate
765 1960 918 1999 mutavit
943 1960 1067 2009 multa,
1088 1972 1273 2010 perpauca
1295 1962 1524 2009 emendavit3

196 2028 235 2063 in
259 2026 506 2074 dispositione
534 2029 654 2062 autem
682 2026 971 2074 fragmentorum
1000 2026 1109 2062 fidem
1137 2026 1218 2062 fere
1237 2026 1396 2073 excedit,
1415 2037 1524 2074 quam

196 2091 308 2129 multa
346 2090 408 2129 ille
448 2090 705 2139 improbabilia
740 2090 937 2140 ineptaque
973 2094 1009 2128 et
1045 2090 1207 2129 absurda
1245 2092 1377 2130 iecerit
1404 2093 1526 2141 potius

198 2169 304 2206 quam
333 2157 558 2204 coniecerit,
587 2157 661 2193 levi
686 2167 752 2194 sua
777 2167 875 2194 nova
905 2157 1123 2205 proferendi
1150 2158 1350 2205 cupiditate
1379 2158 1523 2205 ductus,

198 2234 269 2273 qua
295 2233 344 2269 ne
372 2234 392 2261 a
418 2222 549 2261 fraude
576 2223 723 2273 quidem
753 2222 939 2271 abstinuit,
960 2222 1132 2262 nimirum
1151 2223 1226 2272 ille,
1245 2223 1307 2273 qui
1324 2223 1404 2273 ipse
1421 2234 1525 2263 suam

197 2290 310 2328 animi
338 2289 591 2327 sinceritatem
618 2289 743 2326 verbis
771 2289 914 2326 extollit
939 2289 976 2325 in
1000 2290 1243 2336 praefatione.

320 2355 441 2403 Atque
471 2353 540 2392 hae
568 2354 702 2429 ΨΜ
730 2357 827 2401 sunt,
855 2353 887 2391 si
912 2353 958 2391 ab
982 2353 1133 2392 Henrici
1161 2353 1336 2403 Stephani
1359 2354 1525 2404 Corpore

197 2423 390 2460 Poetarum
418 2421 628 2458 Latinorum
656 2420 818 2467 recedis,
846 2421 956 2457 Ennii
983 2421 1179 2458 Annalium
1211 2422 1413 2466 editiones3
1444 2432 1526 2457 nam

149 2505 161 2515 x
199 2498 294 2536 quae
332 2486 643 2526 circumferuntur
677 2489 869 2534 praeterea
899 2496 975 2523 non
1001 2490 1085 2524 sunt
1111 2486 1195 2525 illae
1220 2486 1371 2536 quidem
1399 2485 1526 2525 edito-

160 2544 481 2624 ‘rumfflriaa
538 2553 681 2591 Etenim
702 2565 735 2592 a.
755 2554 967 2593 cloloccvn.
1009 2554 1302 2592 Franciscus
1327 2553 1393 2592 He
1408 2565 1522 2591 sse-

1269 2623 1287 2660 1
