<?xml version="1.0" encoding="UTF-8"?>
<!DOCTYPE html PUBLIC "-//W3C//DTD XHTML 1.0 Transitional//EN"
    "http://www.w3.org/TR/xhtml1/DTD/xhtml1-transitional.dtd">
<html xmlns="http://www.w3.org/1999/xhtml" xml:lang="en" lang="en">
 <head>
  <title>
</title>
<meta http-equiv="Content-Type" content="text/html;charset=utf-8" />
  <meta name='ocr-system' content='tesseract 3.04.00' />
  <meta name='ocr-capabilities' content='ocr_page ocr_carea ocr_par ocr_line ocrx_word'/>
</head>
<body>
  <div class='ocr_page' id='page_1' title='image "4738093_0028.png"; bbox 0 0 1708 2956; ppageno 0'>
   <div class='ocr_carea' id='block_1_1' title="bbox 744 112 998 147">
    <p class='ocr_par' dir='ltr' id='par_1_1' title="bbox 744 112 998 147">
     <span class='ocr_line' id='line_1_1' title="bbox 744 112 998 147; baseline -0.016 -7"><span class='ocrx_word' id='word_1_1' title='bbox 744 112 998 147; x_wconf 67' lang='lat'>...17—</span> 
     </span>
    </p>
   </div>
   <div class='ocr_carea' id='block_1_2' title="bbox 200 215 1540 1128">
    <p class='ocr_par' dir='ltr' id='par_1_2' title="bbox 200 215 1540 1128">
     <span class='ocr_line' id='line_1_2' title="bbox 208 215 1540 268; baseline 0 -13"><span class='ocrx_word' id='word_1_2' title='bbox 208 217 416 268; x_wconf 79' lang='lat' dir='ltr'><strong>ignoratam</strong></span> <span class='ocrx_word' id='word_1_3' title='bbox 456 216 563 257; x_wconf 84' lang='lat' dir='ltr'><strong>huius</strong></span> <span class='ocrx_word' id='word_1_4' title='bbox 600 217 745 255; x_wconf 80' lang='lat' dir='ltr'><strong>litterae</strong></span> <span class='ocrx_word' id='word_1_5' title='bbox 779 220 946 255; x_wconf 84' lang='lat' dir='ltr'><strong>naturam</strong></span> <span class='ocrx_word' id='word_1_6' title='bbox 981 216 1176 266; x_wconf 85' lang='lat' dir='ltr'><strong>permutati</strong></span> <span class='ocrx_word' id='word_1_7' title='bbox 1213 219 1298 254; x_wconf 83' lang='lat' dir='ltr'><strong>sunt</strong></span> <span class='ocrx_word' id='word_1_8' title='bbox 1331 226 1406 254; x_wconf 91' lang='lat' dir='ltr'><strong>non</strong></span> <span class='ocrx_word' id='word_1_9' title='bbox 1432 215 1540 265; x_wconf 84' lang='lat' dir='ltr'><strong>pauci</strong></span> 
     </span>
     <span class='ocr_line' id='line_1_3' title="bbox 209 283 1539 324; baseline 0 -2"><span class='ocrx_word' id='word_1_10' title='bbox 209 296 292 323; x_wconf 87' lang='lat' dir='ltr'><strong>cum</strong></span> <span class='ocrx_word' id='word_1_11' title='bbox 320 284 474 324; x_wconf 89' lang='lat' dir='ltr'><strong>aliorum</strong></span> <span class='ocrx_word' id='word_1_12' title='bbox 501 289 576 324; x_wconf 92' lang='lat' dir='ltr'><strong>tum</strong></span> <span class='ocrx_word' id='word_1_13' title='bbox 593 285 702 323; x_wconf 91' lang='lat' dir='ltr'><strong>Ennii</strong></span> <span class='ocrx_word' id='word_1_14' title='bbox 729 295 874 323; x_wconf 90' lang='lat' dir='ltr'><strong>versus.</strong></span> <span class='ocrx_word' id='word_1_15' title='bbox 928 284 1043 323; x_wconf 92' lang='lat' dir='ltr'><strong>Unum</strong></span> <span class='ocrx_word' id='word_1_16' title='bbox 1059 283 1314 323; x_wconf 87' lang='lat' dir='ltr'><strong>Lachmannus</strong></span> <span class='ocrx_word' id='word_1_17' title='bbox 1347 284 1474 323; x_wconf 87' lang='lat' dir='ltr'><strong>citavit</strong></span> <span class='ocrx_word' id='word_1_18' title='bbox 1492 284 1539 323; x_wconf 90' lang='lat' dir='ltr'><strong>ad</strong></span> 
     </span>
     <span class='ocr_line' id='line_1_4' title="bbox 207 350 1537 399; baseline 0.001 -12"><span class='ocrx_word' id='word_1_19' title='bbox 207 352 366 389; x_wconf 87' lang='lat' dir='ltr'><strong>Lucretii</strong></span> <span class='ocrx_word' id='word_1_20' title='bbox 391 353 524 390; x_wconf 88' lang='lat' dir='ltr'><strong>librum</strong></span> <span class='ocrx_word' id='word_1_21' title='bbox 542 352 602 398; x_wconf 87' lang='lat' dir='ltr'><strong>Vl,</strong></span> <span class='ocrx_word' id='word_1_22' title='bbox 626 351 736 391; x_wconf 88' lang='grc'><strong>1067.</strong></span> <span class='ocrx_word' id='word_1_23' title='bbox 764 351 956 398; x_wconf 80' lang='lat' dir='ltr'><strong>compellat</strong></span> <span class='ocrx_word' id='word_1_24' title='bbox 976 350 1158 387; x_wconf 79' lang='lat' dir='ltr'><strong>Servilius</strong></span> <span class='ocrx_word' id='word_1_25' title='bbox 1183 351 1251 397; x_wconf 78' lang='lat' dir='ltr'><strong>sic,</strong></span> <span class='ocrx_word' id='word_1_26' title='bbox 1281 351 1379 399; x_wconf 90' lang='lat' dir='ltr'><strong>quod</strong></span> <span class='ocrx_word' id='word_1_27' title='bbox 1398 350 1537 388; x_wconf 87' lang='lat' dir='ltr'>Gellius</span> 
     </span>
     <span class='ocr_line' id='line_1_5' title="bbox 207 416 1540 466; baseline -0.001 -11"><span class='ocrx_word' id='word_1_28' title='bbox 207 418 357 456; x_wconf 84' lang='lat' dir='ltr'><strong>exhibet</strong></span> <span class='ocrx_word' id='word_1_29' title='bbox 368 419 409 456; x_wconf 90' lang='lat' dir='ltr'><strong>N.</strong></span> <span class='ocrx_word' id='word_1_30' title='bbox 424 419 468 456; x_wconf 89' lang='lat' dir='ltr'><strong>A.</strong></span> <span class='ocrx_word' id='word_1_31' title='bbox 487 418 565 466; x_wconf 85' lang='grc' dir='ltr'><strong>ΧΠ,</strong></span> <span class='ocrx_word' id='word_1_32' title='bbox 584 418 620 464; x_wconf 84' lang='grc'><strong>4,</strong></span> <span class='ocrx_word' id='word_1_33' title='bbox 637 417 672 455; x_wconf 83' lang='grc'><strong>4.</strong></span> <span class='ocrx_word' id='word_1_34' title='bbox 702 417 841 455; x_wconf 90' lang='lat' dir='ltr'><strong>Ennius</strong></span> <span class='ocrx_word' id='word_1_35' title='bbox 868 418 964 455; x_wconf 91' lang='lat' dir='ltr'><strong>enim</strong></span> <span class='ocrx_word' id='word_1_36' title='bbox 992 428 1069 454; x_wconf 87' lang='lat' dir='ltr'><strong>non</strong></span> <span class='ocrx_word' id='word_1_37' title='bbox 1093 416 1240 464; x_wconf 89' lang='lat' dir='ltr'><strong>dubium</strong></span> <span class='ocrx_word' id='word_1_38' title='bbox 1265 420 1322 455; x_wconf 89' lang='lat' dir='ltr'><strong>est</strong></span> <span class='ocrx_word' id='word_1_39' title='bbox 1346 417 1433 465; x_wconf 90' lang='lat' dir='ltr'><strong>quin</strong></span> <span class='ocrx_word' id='word_1_40' title='bbox 1446 416 1540 454; x_wconf 78' lang='lat' dir='ltr'><strong>Ser-</strong></span> 
     </span>
     <span class='ocr_line' id='line_1_6' title="bbox 205 483 1537 532; baseline 0.001 -13"><span class='ocrx_word' id='word_1_41' title='bbox 205 485 314 521; x_wconf 83' lang='lat' dir='ltr'><strong>vilius</strong></span> <span class='ocrx_word' id='word_1_42' title='bbox 340 486 395 521; x_wconf 85' lang='lat' dir='ltr'><strong>sic</strong></span> <span class='ocrx_word' id='word_1_43' title='bbox 424 484 616 531; x_wconf 78' lang='lat' dir='ltr'><strong>compellat</strong></span> <span class='ocrx_word' id='word_1_44' title='bbox 639 484 855 532; x_wconf 82' lang='lat' dir='ltr'>scripserit,</span> <span class='ocrx_word' id='word_1_45' title='bbox 888 483 1063 532; x_wconf 90' lang='lat' dir='ltr'><strong>quidquid</strong></span> <span class='ocrx_word' id='word_1_46' title='bbox 1093 483 1305 532; x_wconf 82' lang='lat' dir='ltr'><strong>obloquitur</strong></span> <span class='ocrx_word' id='word_1_47' title='bbox 1333 483 1537 532; x_wconf 83' lang='lat' dir='ltr'><strong>Vargesius</strong></span> 
     </span>
     <span class='ocr_line' id='line_1_7' title="bbox 207 549 1539 598; baseline -0.001 -11"><span class='ocrx_word' id='word_1_48' title='bbox 207 551 243 588; x_wconf 89' lang='lat' dir='ltr'><strong>in</strong></span> <span class='ocrx_word' id='word_1_49' title='bbox 269 551 398 590; x_wconf 89' lang='lat' dir='ltr'><strong>Naekii</strong></span> <span class='ocrx_word' id='word_1_50' title='bbox 426 549 690 598; x_wconf 87' lang='lat' dir='ltr'><strong>Welckerique</strong></span> <span class='ocrx_word' id='word_1_51' title='bbox 718 560 845 587; x_wconf 89' lang='lat' dir='ltr'><strong>museo</strong></span> <span class='ocrx_word' id='word_1_52' title='bbox 861 549 1039 587; x_wconf 89' lang='lat' dir='ltr'><strong>Rhenano</strong></span> <span class='ocrx_word' id='word_1_53' title='bbox 1068 550 1127 586; x_wconf 83' lang='grc' dir='ltr'><strong>ΙΙΙ.</strong></span> <span class='ocrx_word' id='word_1_54' title='bbox 1153 560 1187 597; x_wconf 87' lang='lat' dir='ltr'><strong>p.</strong></span> <span class='ocrx_word' id='word_1_55' title='bbox 1205 549 1266 587; x_wconf 79' lang='lat'><strong>32.</strong></span> <span class='ocrx_word' id='word_1_56' title='bbox 1305 550 1441 587; x_wconf 88' lang='lat' dir='ltr'><strong>Verum</strong></span> <span class='ocrx_word' id='word_1_57' title='bbox 1466 549 1539 587; x_wconf 83' lang='lat' dir='ltr'><strong>iam</strong></span> 
     </span>
     <span class='ocr_line' id='line_1_8' title="bbox 204 615 1534 666; baseline 0 -11"><span class='ocrx_word' id='word_1_58' title='bbox 204 617 345 666; x_wconf 87' lang='lat' dir='ltr'><strong>pridem</strong></span> <span class='ocrx_word' id='word_1_59' title='bbox 373 616 587 665; x_wconf 81' lang='lat' dir='ltr'><strong>perviderat</strong></span> <span class='ocrx_word' id='word_1_60' title='bbox 609 616 724 654; x_wconf 85' lang='lat' dir='ltr'><strong>Janus</strong></span> <span class='ocrx_word' id='word_1_61' title='bbox 752 615 877 654; x_wconf 88' lang='lat' dir='ltr'><strong>Dousa</strong></span> <span class='ocrx_word' id='word_1_62' title='bbox 905 616 1017 654; x_wconf 89' lang='lat' dir='ltr'><strong>Lucil.</strong></span> <span class='ocrx_word' id='word_1_63' title='bbox 1043 616 1121 654; x_wconf 89' lang='lat' dir='ltr'><strong>Rel.</strong></span> <span class='ocrx_word' id='word_1_64' title='bbox 1149 627 1182 664; x_wconf 91' lang='lat' dir='ltr'><strong>p.</strong></span> <span class='ocrx_word' id='word_1_65' title='bbox 1202 616 1265 663; x_wconf 86' lang='lat'><strong>97,</strong></span> <span class='ocrx_word' id='word_1_66' title='bbox 1282 617 1315 654; x_wconf 77' lang='lat'><strong>2.</strong></span> <span class='ocrx_word' id='word_1_67' title='bbox 1345 615 1403 653; x_wconf 90' lang='lat' dir='ltr'><strong>ed.</strong></span> <span class='ocrx_word' id='word_1_68' title='bbox 1418 615 1534 666; x_wconf 83' lang='lat' dir='ltr'><strong>Lugd.</strong></span> 
     </span>
     <span class='ocr_line' id='line_1_9' title="bbox 204 673 1535 730; baseline 0 -10"><span class='ocrx_word' id='word_1_69' title='bbox 204 673 471 720; x_wconf 56' lang='lat' dir='ltr'><strong>mm</strong></span> <span class='ocrx_word' id='word_1_70' title='bbox 524 681 661 718; x_wconf 81' lang='lat' dir='ltr'>Similia</span> <span class='ocrx_word' id='word_1_71' title='bbox 684 681 776 719; x_wconf 89' lang='lat' dir='ltr'><strong>haec</strong></span> <span class='ocrx_word' id='word_1_72' title='bbox 803 685 887 719; x_wconf 93' lang='lat' dir='ltr'><strong>sunt</strong></span> <span class='ocrx_word' id='word_1_73' title='bbox 914 681 1011 730; x_wconf 85' lang='lat' dir='ltr'><strong>quod</strong></span> <span class='ocrx_word' id='word_1_74' title='bbox 1040 681 1135 729; x_wconf 90' lang='lat' dir='ltr'><strong>apud</strong></span> <span class='ocrx_word' id='word_1_75' title='bbox 1164 681 1384 719; x_wconf 85' lang='lat' dir='ltr'><strong>Ciceronem</strong></span> <span class='ocrx_word' id='word_1_76' title='bbox 1411 681 1458 720; x_wconf 86' lang='lat' dir='ltr'><strong>de</strong></span> <span class='ocrx_word' id='word_1_77' title='bbox 1474 681 1535 720; x_wconf 91' lang='lat' dir='ltr'><strong>di-</strong></span> 
     </span>
     <span class='ocr_line' id='line_1_10' title="bbox 203 746 1534 797; baseline -0.001 -10"><span class='ocrx_word' id='word_1_78' title='bbox 203 750 278 787; x_wconf 88' lang='lat' dir='ltr'><strong>vin.</strong></span> <span class='ocrx_word' id='word_1_79' title='bbox 296 750 322 796; x_wconf 88' lang='lat'><strong>1,</strong></span> <span class='ocrx_word' id='word_1_80' title='bbox 361 748 421 795; x_wconf 80' lang='lat'><strong>20,</strong></span> <span class='ocrx_word' id='word_1_81' title='bbox 450 746 510 786; x_wconf 81' lang='lat'><strong>40.</strong></span> <span class='ocrx_word' id='word_1_82' title='bbox 538 759 605 797; x_wconf 86' lang='lat' dir='ltr'><strong>pro</strong></span> <span class='ocrx_word' id='word_1_83' title='bbox 635 747 692 787; x_wconf 91' lang='lat' dir='ltr'><strong>his</strong></span> <span class='ocrx_word' id='word_1_84' title='bbox 730 748 831 785; x_wconf 82' lang='lat' dir='ltr'><strong>vires</strong></span> <span class='ocrx_word' id='word_1_85' title='bbox 856 748 1006 796; x_wconf 81' lang='lat' dir='ltr'><strong>vitaque</strong></span> <span class='ocrx_word' id='word_1_86' title='bbox 1033 759 1170 796; x_wconf 85' lang='lat' dir='ltr'><strong>corpus</strong></span> <span class='ocrx_word' id='word_1_87' title='bbox 1197 759 1315 786; x_wconf 84' lang='lat' dir='ltr'><strong>meum</strong></span> <span class='ocrx_word' id='word_1_88' title='bbox 1341 760 1439 786; x_wconf 80' lang='lat' dir='ltr'><strong>nunc</strong></span> <span class='ocrx_word' id='word_1_89' title='bbox 1464 747 1534 786; x_wconf 74' lang='lat' dir='ltr'><strong>dc-</strong></span> 
     </span>
     <span class='ocr_line' id='line_1_11' title="bbox 201 814 1537 863; baseline 0 -12"><span class='ocrx_word' id='word_1_90' title='bbox 201 815 292 851; x_wconf 79' lang='lat' dir='ltr'><strong>serit</strong></span> <span class='ocrx_word' id='word_1_91' title='bbox 318 824 436 858; x_wconf 86' lang='lat' dir='ltr'><strong>omne,</strong></span> <span class='ocrx_word' id='word_1_92' title='bbox 466 814 503 850; x_wconf 91' lang='lat' dir='ltr'><strong>in</strong></span> <span class='ocrx_word' id='word_1_93' title='bbox 515 814 630 851; x_wconf 89' lang='lat' dir='ltr'><strong>Giesii</strong></span> <span class='ocrx_word' id='word_1_94' title='bbox 658 814 917 863; x_wconf 79' lang='lat' dir='ltr'><strong>manuscriptis</strong></span> <span class='ocrx_word' id='word_1_95' title='bbox 948 814 1164 862; x_wconf 86' lang='lat' dir='ltr'><strong>quibusdam</strong></span> <span class='ocrx_word' id='word_1_96' title='bbox 1203 814 1305 851; x_wconf 78' lang='lat' dir='ltr'><strong>vires</strong></span> <span class='ocrx_word' id='word_1_97' title='bbox 1325 814 1404 852; x_wconf 78' lang='lat' dir='ltr'><strong>vita</strong></span> <span class='ocrx_word' id='word_1_98' title='bbox 1419 824 1537 851; x_wconf 72' lang='lat' dir='ltr'><strong>meum</strong></span> 
     </span>
     <span class='ocr_line' id='line_1_12' title="bbox 207 879 1533 929; baseline 0.001 -13"><span class='ocrx_word' id='word_1_99' title='bbox 207 890 343 927; x_wconf 86' lang='lat' dir='ltr'><strong>corpus</strong></span> <span class='ocrx_word' id='word_1_100' title='bbox 373 879 586 927; x_wconf 86' lang='lat' dir='ltr'><strong>exhibetur,</strong></span> <span class='ocrx_word' id='word_1_101' title='bbox 615 880 652 917; x_wconf 94' lang='lat' dir='ltr'><strong>id</strong></span> <span class='ocrx_word' id='word_1_102' title='bbox 684 880 783 929; x_wconf 88' lang='lat' dir='ltr'><strong>quod</strong></span> <span class='ocrx_word' id='word_1_103' title='bbox 820 880 882 918; x_wconf 87' lang='lat' dir='ltr'><strong>ille</strong></span> <span class='ocrx_word' id='word_1_104' title='bbox 907 881 1079 929; x_wconf 86' lang='lat' dir='ltr'><strong>probavit</strong></span> <span class='ocrx_word' id='word_1_105' title='bbox 1113 891 1229 929; x_wconf 89' lang='lat' dir='ltr'><strong>pravo</strong></span> <span class='ocrx_word' id='word_1_106' title='bbox 1259 880 1399 918; x_wconf 92' lang='lat' dir='ltr'><strong>iudicio</strong></span> <span class='ocrx_word' id='word_1_107' title='bbox 1432 891 1533 920; x_wconf 85' lang='lat' dir='ltr'><strong>usus.</strong></span> 
     </span>
     <span class='ocr_line' id='line_1_13' title="bbox 200 945 1537 996; baseline 0.001 -13"><span class='ocrx_word' id='word_1_108' title='bbox 200 945 349 983; x_wconf 88' lang='lat' dir='ltr'><strong>Paulum</strong></span> <span class='ocrx_word' id='word_1_109' title='bbox 376 946 472 983; x_wconf 85' lang='lat' dir='ltr'><strong>infra</strong></span> <span class='ocrx_word' id='word_1_110' title='bbox 502 946 539 982; x_wconf 91' lang='lat' dir='ltr'><strong>in</strong></span> <span class='ocrx_word' id='word_1_111' title='bbox 570 946 702 983; x_wconf 87' lang='lat' dir='ltr'><strong>eodem</strong></span> <span class='ocrx_word' id='word_1_112' title='bbox 718 946 927 996; x_wconf 88' lang='lat' dir='ltr'><strong>fragmento</strong></span> <span class='ocrx_word' id='word_1_113' title='bbox 944 946 1112 983; x_wconf 88' lang='lat' dir='ltr'><strong>Enniano</strong></span> <span class='ocrx_word' id='word_1_114' title='bbox 1126 946 1428 984; x_wconf 85' lang='lat' dir='ltr'><strong>Vindobonensis</strong></span> <span class='ocrx_word' id='word_1_115' title='bbox 1444 945 1537 984; x_wconf 69' lang='lat' dir='ltr'><strong>baec</strong></span> 
     </span>
     <span class='ocr_line' id='line_1_14' title="bbox 200 1011 1534 1063; baseline 0.002 -14"><span class='ocrx_word' id='word_1_116' title='bbox 200 1011 331 1061; x_wconf 82' lang='lat' dir='ltr'><strong>effatus</strong></span> <span class='ocrx_word' id='word_1_117' title='bbox 358 1017 487 1061; x_wconf 82' lang='lat' dir='ltr'><strong>pater,</strong></span> <span class='ocrx_word' id='word_1_118' title='bbox 520 1023 628 1061; x_wconf 84' lang='lat' dir='ltr'><strong>quam</strong></span> <span class='ocrx_word' id='word_1_119' title='bbox 656 1013 876 1061; x_wconf 83' lang='lat' dir='ltr'><strong>scripturam</strong></span> <span class='ocrx_word' id='word_1_120' title='bbox 915 1025 1008 1062; x_wconf 86' lang='lat' dir='ltr'><strong>quae</strong></span> <span class='ocrx_word' id='word_1_121' title='bbox 1045 1017 1220 1063; x_wconf 84' lang='lat' dir='ltr'><strong>veraest</strong></span> <span class='ocrx_word' id='word_1_122' title='bbox 1246 1014 1284 1050; x_wconf 93' lang='lat' dir='ltr'><strong>in</strong></span> <span class='ocrx_word' id='word_1_123' title='bbox 1313 1011 1534 1062; x_wconf 79' lang='lat' dir='ltr'><strong>Erlangensi</strong></span> 
     </span>
     <span class='ocr_line' id='line_1_15' title="bbox 200 1076 1324 1128; baseline 0 -12"><span class='ocrx_word' id='word_1_124' title='bbox 200 1079 428 1128; x_wconf 88' lang='lat' dir='ltr'><strong>importunus</strong></span> <span class='ocrx_word' id='word_1_125' title='bbox 459 1078 632 1116; x_wconf 87' lang='lat' dir='ltr'><strong>librarius</strong></span> <span class='ocrx_word' id='word_1_126' title='bbox 660 1078 715 1116; x_wconf 87' lang='lat' dir='ltr'><strong>sic</strong></span> <span class='ocrx_word' id='word_1_127' title='bbox 743 1079 907 1128; x_wconf 88' lang='lat' dir='ltr'><strong>corrupit</strong></span> <span class='ocrx_word' id='word_1_128' title='bbox 930 1078 1022 1116; x_wconf 82' lang='lat' dir='ltr'><strong>haec</strong></span> <span class='ocrx_word' id='word_1_129' title='bbox 1044 1081 1156 1126; x_wconf 78' lang='lat' dir='ltr'><strong>pater</strong></span> <span class='ocrx_word' id='word_1_130' title='bbox 1180 1076 1324 1127; x_wconf 76' lang='lat' dir='ltr'><strong>effatus.</strong></span> 
     </span>
    </p>
   </div>
   <div class='ocr_carea' id='block_1_3' title="bbox 192 1186 1535 2157">
    <p class='ocr_par' dir='ltr' id='par_1_3' title="bbox 192 1186 1535 2157">
     <span class='ocr_line' id='line_1_16' title="bbox 317 1186 1532 1234; baseline 0.001 -11"><span class='ocrx_word' id='word_1_131' title='bbox 317 1186 561 1234; x_wconf 86' lang='lat' dir='ltr'><strong>Aphaeresim</strong></span> <span class='ocrx_word' id='word_1_132' title='bbox 597 1190 717 1224; x_wconf 88' lang='lat' dir='ltr'><strong>autem</strong></span> <span class='ocrx_word' id='word_1_133' title='bbox 755 1190 810 1223; x_wconf 82' lang='lat' dir='ltr'><strong>est</strong></span> <span class='ocrx_word' id='word_1_134' title='bbox 847 1186 951 1223; x_wconf 89' lang='lat' dir='ltr'><strong>verbi</strong></span> <span class='ocrx_word' id='word_1_135' title='bbox 981 1193 1085 1230; x_wconf 75' lang='lat' dir='ltr'><strong>(nam</strong></span> <span class='ocrx_word' id='word_1_136' title='bbox 1123 1186 1311 1224; x_wconf 85' lang='lat' dir='ltr'><strong>secundae</strong></span> <span class='ocrx_word' id='word_1_137' title='bbox 1347 1196 1532 1234; x_wconf 86' lang='lat' dir='ltr'><strong>personae</strong></span> 
     </span>
     <span class='ocr_line' id='line_1_17' title="bbox 199 1250 1534 1302; baseline 0.003 -14"><span class='ocrx_word' id='word_1_138' title='bbox 199 1251 269 1289; x_wconf 91' lang='lat' dir='ltr'><strong>nisi</strong></span> <span class='ocrx_word' id='word_1_139' title='bbox 295 1250 405 1289; x_wconf 90' lang='lat' dir='ltr'><strong>fallor</strong></span> <span class='ocrx_word' id='word_1_140' title='bbox 430 1251 567 1289; x_wconf 91' lang='lat' dir='ltr'><strong>nullum</strong></span> <span class='ocrx_word' id='word_1_141' title='bbox 598 1255 698 1290; x_wconf 86' lang='lat' dir='ltr'><strong>extat</strong></span> <span class='ocrx_word' id='word_1_142' title='bbox 720 1252 757 1289; x_wconf 89' lang='lat' dir='ltr'><strong>in</strong></span> <span class='ocrx_word' id='word_1_143' title='bbox 779 1251 984 1290; x_wconf 85' lang='lat' dir='ltr'><strong>Annalibus</strong></span> <span class='ocrx_word' id='word_1_144' title='bbox 1006 1251 1233 1302; x_wconf 87' lang='lat' dir='ltr'><strong>exemplum)</strong></span> <span class='ocrx_word' id='word_1_145' title='bbox 1260 1262 1408 1302; x_wconf 89' lang='lat' dir='ltr'><strong>semper</strong></span> <span class='ocrx_word' id='word_1_146' title='bbox 1424 1251 1534 1292; x_wconf 84' lang='lat' dir='ltr'><strong>etiam</strong></span> 
     </span>
     <span class='ocr_line' id='line_1_18' title="bbox 198 1319 1535 1367; baseline 0 -12"><span class='ocrx_word' id='word_1_147' title='bbox 198 1319 280 1356; x_wconf 88' lang='lat' dir='ltr'><strong>sine</strong></span> <span class='ocrx_word' id='word_1_148' title='bbox 305 1319 408 1355; x_wconf 88' lang='lat' dir='ltr'><strong>libris</strong></span> <span class='ocrx_word' id='word_1_149' title='bbox 434 1320 604 1366; x_wconf 87' lang='lat' dir='ltr'><strong>expressi</strong></span> <span class='ocrx_word' id='word_1_150' title='bbox 626 1320 819 1367; x_wconf 86' lang='lat' dir='ltr'><strong>scriptura.</strong></span> <span class='ocrx_word' id='word_1_151' title='bbox 867 1320 992 1367; x_wconf 85' lang='lat' dir='ltr'><strong>Itaque</strong></span> <span class='ocrx_word' id='word_1_152' title='bbox 1016 1319 1164 1366; x_wconf 54' lang='lat' dir='ltr'><strong>flecma,</strong></span> <span class='ocrx_word' id='word_1_153' title='bbox 1194 1323 1372 1365; x_wconf 70' lang='lat' dir='ltr'><strong>tmrest,</strong></span> <span class='ocrx_word' id='word_1_154' title='bbox 1394 1323 1535 1366; x_wconf 76' lang='lat' dir='ltr'><strong>yeslast</strong></span> 
     </span>
     <span class='ocr_line' id='line_1_19' title="bbox 198 1382 1529 1438; baseline 0.002 -17"><span class='ocrx_word' id='word_1_155' title='bbox 198 1383 353 1433; x_wconf 83' lang='lat' dir='ltr'><strong>scripsi3</strong></span> <span class='ocrx_word' id='word_1_156' title='bbox 388 1387 423 1423; x_wconf 91' lang='lat' dir='ltr'><strong>et</strong></span> <span class='ocrx_word' id='word_1_157' title='bbox 455 1387 620 1433; x_wconf 75' lang='lat' dir='ltr'><strong>portast,</strong></span> <span class='ocrx_word' id='word_1_158' title='bbox 660 1383 759 1438; x_wconf 85' lang='lat' dir='ltr'><strong>quod</strong></span> <span class='ocrx_word' id='word_1_159' title='bbox 788 1384 1001 1423; x_wconf 84' lang='lat' dir='ltr'><strong>coniectura</strong></span> <span class='ocrx_word' id='word_1_160' title='bbox 1041 1382 1175 1422; x_wconf 85' lang='lat' dir='ltr'><strong>adieci.</strong></span> <span class='ocrx_word' id='word_1_161' title='bbox 1229 1384 1337 1433; x_wconf 89' lang='lat' dir='ltr'><strong>Apud</strong></span> <span class='ocrx_word' id='word_1_162' title='bbox 1374 1384 1529 1424; x_wconf 87' lang='lat' dir='ltr'><strong>Gellium</strong></span> 
     </span>
     <span class='ocr_line' id='line_1_20' title="bbox 199 1450 1531 1500; baseline 0.003 -14"><span class='ocrx_word' id='word_1_163' title='bbox 199 1451 297 1487; x_wconf 91' lang='lat' dir='ltr'><strong>enim</strong></span> <span class='ocrx_word' id='word_1_164' title='bbox 312 1451 354 1487; x_wconf 91' lang='lat' dir='ltr'><strong>N.</strong></span> <span class='ocrx_word' id='word_1_165' title='bbox 366 1452 411 1487; x_wconf 89' lang='lat' dir='ltr'><strong>A.</strong></span> <span class='ocrx_word' id='word_1_166' title='bbox 426 1450 487 1497; x_wconf 90' lang='lat' dir='ltr'><strong>VI,</strong></span> <span class='ocrx_word' id='word_1_167' title='bbox 497 1450 534 1497; x_wconf 87' lang='lat'><strong>6,</strong></span> <span class='ocrx_word' id='word_1_168' title='bbox 546 1450 581 1487; x_wconf 83' lang='lat'><strong>6.</strong></span> <span class='ocrx_word' id='word_1_169' title='bbox 596 1451 824 1498; x_wconf 87' lang='lat' dir='ltr'><strong>corruptelas</strong></span> <span class='ocrx_word' id='word_1_170' title='bbox 840 1451 1017 1498; x_wconf 82' lang='lat' dir='ltr'><strong>quasdam</strong></span> <span class='ocrx_word' id='word_1_171' title='bbox 1033 1461 1127 1498; x_wconf 86' lang='lat' dir='ltr'><strong>quae</strong></span> <span class='ocrx_word' id='word_1_172' title='bbox 1142 1451 1387 1500; x_wconf 84' lang='lat' dir='ltr'><strong>vulgabantur</strong></span> <span class='ocrx_word' id='word_1_173' title='bbox 1399 1464 1531 1490; x_wconf 88' lang='lat' dir='ltr'><strong>emen-</strong></span> 
     </span>
     <span class='ocr_line' id='line_1_21' title="bbox 198 1513 1530 1563; baseline -0.001 -11"><span class='ocrx_word' id='word_1_174' title='bbox 198 1515 284 1552; x_wconf 89' lang='lat' dir='ltr'><strong>davi</strong></span> <span class='ocrx_word' id='word_1_175' title='bbox 312 1515 350 1551; x_wconf 89' lang='lat' dir='ltr'><strong>in</strong></span> <span class='ocrx_word' id='word_1_176' title='bbox 376 1515 472 1552; x_wconf 90' lang='lat' dir='ltr'><strong>hunc</strong></span> <span class='ocrx_word' id='word_1_177' title='bbox 501 1514 649 1551; x_wconf 92' lang='lat' dir='ltr'><strong>modum</strong></span> <span class='ocrx_word' id='word_1_178' title='bbox 676 1513 753 1551; x_wconf 86' lang='lat' dir='ltr'><strong>Cur</strong></span> <span class='ocrx_word' id='word_1_179' title='bbox 780 1518 900 1551; x_wconf 80' lang='lat' dir='ltr'><strong>autem</strong></span> <span class='ocrx_word' id='word_1_180' title='bbox 925 1526 1000 1551; x_wconf 84' lang='lat' dir='ltr'><strong>non</strong></span> <span class='ocrx_word' id='word_1_181' title='bbox 1039 1513 1083 1559; x_wconf 90' lang='lat' dir='ltr'><strong>Q.</strong></span> <span class='ocrx_word' id='word_1_182' title='bbox 1111 1526 1253 1563; x_wconf 83' lang='lat' dir='ltr'><strong>quoque</strong></span> <span class='ocrx_word' id='word_1_183' title='bbox 1285 1515 1443 1559; x_wconf 78' lang='lat' dir='ltr'><strong>Ennium</strong></span> <span class='ocrx_word' id='word_1_184' title='bbox 1468 1528 1530 1554; x_wconf 75' lang='lat' dir='ltr'><strong>re-</strong></span> 
     </span>
     <span class='ocr_line' id='line_1_22' title="bbox 196 1580 1530 1632; baseline 0.002 -14"><span class='ocrx_word' id='word_1_185' title='bbox 196 1581 406 1629; x_wconf 78' lang='lat' dir='ltr'><strong>prehendit,</strong></span> <span class='ocrx_word' id='word_1_186' title='bbox 432 1581 494 1628; x_wconf 81' lang='lat' dir='ltr'><strong>qui</strong></span> <span class='ocrx_word' id='word_1_187' title='bbox 521 1580 559 1617; x_wconf 81' lang='lat' dir='ltr'><strong>in</strong></span> <span class='ocrx_word' id='word_1_188' title='bbox 584 1580 802 1628; x_wconf 81' lang='lat' dir='ltr'><strong>annalibus,</strong></span> <span class='ocrx_word' id='word_1_189' title='bbox 834 1592 908 1617; x_wconf 84' lang='lat' dir='ltr'><strong>non</strong></span> <span class='ocrx_word' id='word_1_190' title='bbox 939 1592 1085 1628; x_wconf 82' lang='lat' dir='ltr'><strong>pennas</strong></span> <span class='ocrx_word' id='word_1_191' title='bbox 1110 1581 1292 1629; x_wconf 83' lang='lat' dir='ltr'><strong>Daedali,</strong></span> <span class='ocrx_word' id='word_1_192' title='bbox 1328 1583 1397 1620; x_wconf 83' lang='lat' dir='ltr'><strong>sed</strong></span> <span class='ocrx_word' id='word_1_193' title='bbox 1426 1583 1530 1632; x_wconf 72' lang='lat' dir='ltr'><strong>lonqe</strong></span> 
     </span>
     <span class='ocr_line' id='line_1_23' title="bbox 202 1645 1530 1696; baseline 0.002 -13"><span class='ocrx_word' id='word_1_194' title='bbox 202 1646 387 1683; x_wconf 79' lang='lat' dir='ltr'><strong>diversius</strong></span> <span class='ocrx_word' id='word_1_195' title='bbox 415 1645 652 1683; x_wconf 79' lang='lat' dir='ltr'><strong>Brundisium</strong></span> <span class='ocrx_word' id='word_1_196' title='bbox 675 1674 685 1693; x_wconf 88' lang='lat'><strong>‚</strong></span> <span class='ocrx_word' id='word_1_197' title='bbox 723 1646 860 1694; x_wconf 80' lang='lat' dir='ltr'><strong>inquit,</strong></span> <span class='ocrx_word' id='word_1_198' title='bbox 894 1646 1050 1693; x_wconf 77' lang='lat' dir='ltr'><strong>pulchro</strong></span> <span class='ocrx_word' id='word_1_199' title='bbox 1073 1647 1327 1694; x_wconf 72' lang='lat' dir='ltr'><strong>praecinctum</strong></span> <span class='ocrx_word' id='word_1_200' title='bbox 1348 1653 1530 1696; x_wconf 75' lang='lat' dir='ltr'><strong>praepete</strong></span> 
     </span>
     <span class='ocr_line' id='line_1_24' title="bbox 195 1711 1531 1761; baseline 0.003 -12"><span class='ocrx_word' id='word_1_201' title='bbox 195 1716 353 1760; x_wconf 75' lang='lat' dir='ltr'><strong>portast.</strong></span> <span class='ocrx_word' id='word_1_202' title='bbox 381 1712 422 1749; x_wconf 90' lang='lat' dir='ltr'><strong>ln</strong></span> <span class='ocrx_word' id='word_1_203' title='bbox 436 1712 614 1750; x_wconf 83' lang='lat' dir='ltr'><strong>Vaticano</strong></span> <span class='ocrx_word' id='word_1_204' title='bbox 647 1711 744 1750; x_wconf 89' lang='lat' dir='ltr'><strong>enim</strong></span> <span class='ocrx_word' id='word_1_205' title='bbox 775 1712 837 1761; x_wconf 92' lang='lat' dir='ltr'><strong>qui</strong></span> <span class='ocrx_word' id='word_1_206' title='bbox 864 1715 1030 1750; x_wconf 88' lang='lat' dir='ltr'><strong>veterum</strong></span> <span class='ocrx_word' id='word_1_207' title='bbox 1058 1712 1237 1751; x_wconf 90' lang='lat' dir='ltr'><strong>librorum</strong></span> <span class='ocrx_word' id='word_1_208' title='bbox 1265 1725 1360 1753; x_wconf 94' lang='lat' dir='ltr'><strong>unus</strong></span> <span class='ocrx_word' id='word_1_209' title='bbox 1390 1719 1429 1752; x_wconf 90' lang='lat' dir='ltr'><strong>ut</strong></span> <span class='ocrx_word' id='word_1_210' title='bbox 1454 1715 1531 1753; x_wconf 86' lang='lat' dir='ltr'><strong>dixi</strong></span> 
     </span>
     <span class='ocr_line' id='line_1_25' title="bbox 197 1778 1533 1828; baseline 0.002 -12"><span class='ocrx_word' id='word_1_211' title='bbox 197 1782 345 1827; x_wconf 90' lang='lat' dir='ltr'><strong>praesto</strong></span> <span class='ocrx_word' id='word_1_212' title='bbox 374 1782 431 1816; x_wconf 89' lang='lat' dir='ltr'><strong>est</strong></span> <span class='ocrx_word' id='word_1_213' title='bbox 464 1779 510 1815; x_wconf 85' lang='lat' dir='ltr'><strong>ad</strong></span> <span class='ocrx_word' id='word_1_214' title='bbox 543 1779 641 1815; x_wconf 90' lang='lat' dir='ltr'><strong>hunc</strong></span> <span class='ocrx_word' id='word_1_215' title='bbox 670 1778 790 1815; x_wconf 87' lang='lat' dir='ltr'><strong>locum</strong></span> <span class='ocrx_word' id='word_1_216' title='bbox 821 1778 1053 1827; x_wconf 68' lang='lat' dir='ltr'><strong>Braundisizz</strong></span> <span class='ocrx_word' id='word_1_217' title='bbox 1081 1780 1169 1827; x_wconf 82' lang='lat' dir='ltr'><strong>quid</strong></span> <span class='ocrx_word' id='word_1_218' title='bbox 1192 1781 1323 1827; x_wconf 84' lang='lat' dir='ltr'><strong>pulcro</strong></span> <span class='ocrx_word' id='word_1_219' title='bbox 1345 1781 1533 1828; x_wconf 54' lang='lat' dir='ltr'><strong>ficiat-tum</strong></span> 
     </span>
     <span class='ocr_line' id='line_1_26' title="bbox 192 1842 1528 1896; baseline 0.004 -14"><span class='ocrx_word' id='word_1_220' title='bbox 192 1842 303 1893; x_wconf 50' lang='lat' dir='ltr'><strong>&amp;pete</strong></span> <span class='ocrx_word' id='word_1_221' title='bbox 326 1849 471 1892; x_wconf 80' lang='lat' dir='ltr'><strong>portus.</strong></span> <span class='ocrx_word' id='word_1_222' title='bbox 510 1846 567 1883; x_wconf 84' lang='lat' dir='ltr'><strong>Ac</strong></span> <span class='ocrx_word' id='word_1_223' title='bbox 591 1848 723 1892; x_wconf 82' lang='lat' dir='ltr'><strong>portus</strong></span> <span class='ocrx_word' id='word_1_224' title='bbox 749 1845 898 1893; x_wconf 88' lang='lat' dir='ltr'><strong>quidem</strong></span> <span class='ocrx_word' id='word_1_225' title='bbox 928 1856 949 1883; x_wconf 88' lang='lat' dir='ltr'><strong>e</strong></span> <span class='ocrx_word' id='word_1_226' title='bbox 976 1850 1124 1894; x_wconf 81' lang='lat' dir='ltr'><strong>portus-t</strong></span> <span class='ocrx_word' id='word_1_227' title='bbox 1153 1852 1365 1896; x_wconf 88' lang='lat' dir='ltr'><strong>corruptum</strong></span> <span class='ocrx_word' id='word_1_228' title='bbox 1392 1849 1528 1887; x_wconf 89' lang='lat' dir='ltr'><strong>mendo</strong></span> 
     </span>
     <span class='ocr_line' id='line_1_27' title="bbox 197 1911 1530 1963; baseline 0.003 -14"><span class='ocrx_word' id='word_1_229' title='bbox 197 1912 523 1960; x_wconf 84' lang='lat' dir='ltr'><strong>frequentissimo,</strong></span> <span class='ocrx_word' id='word_1_230' title='bbox 557 1911 604 1947; x_wconf 90' lang='lat' dir='ltr'><strong>de</strong></span> <span class='ocrx_word' id='word_1_231' title='bbox 631 1922 704 1959; x_wconf 83' lang='lat' dir='ltr'><strong>quo</strong></span> <span class='ocrx_word' id='word_1_232' title='bbox 734 1911 819 1949; x_wconf 87' lang='lat' dir='ltr'><strong>vide</strong></span> <span class='ocrx_word' id='word_1_233' title='bbox 847 1912 1037 1950; x_wconf 88' lang='lat' dir='ltr'><strong>Ritschelii</strong></span> <span class='ocrx_word' id='word_1_234' title='bbox 1062 1913 1208 1963; x_wconf 85' lang='lat' dir='ltr'><strong>Proleg.</strong></span> <span class='ocrx_word' id='word_1_235' title='bbox 1237 1915 1275 1951; x_wconf 91' lang='lat' dir='ltr'><strong>in</strong></span> <span class='ocrx_word' id='word_1_236' title='bbox 1304 1915 1420 1952; x_wconf 89' lang='lat' dir='ltr'><strong>Plauti</strong></span> <span class='ocrx_word' id='word_1_237' title='bbox 1446 1916 1530 1953; x_wconf 90' lang='lat' dir='ltr'><strong>Tri-</strong></span> 
     </span>
     <span class='ocr_line' id='line_1_28' title="bbox 197 1976 1528 2027; baseline 0.003 -13"><span class='ocrx_word' id='word_1_238' title='bbox 197 1988 381 2014; x_wconf 91' lang='lat' dir='ltr'><strong>nummum</strong></span> <span class='ocrx_word' id='word_1_239' title='bbox 411 1988 446 2024; x_wconf 87' lang='lat' dir='ltr'><strong>p.</strong></span> <span class='ocrx_word' id='word_1_240' title='bbox 464 1976 587 2013; x_wconf 88' lang='lat' dir='ltr'><strong>CVlll.</strong></span> <span class='ocrx_word' id='word_1_241' title='bbox 633 1987 728 2014; x_wconf 89' lang='lat' dir='ltr'><strong>neve</strong></span> <span class='ocrx_word' id='word_1_242' title='bbox 766 1977 922 2015; x_wconf 87' lang='lat' dir='ltr'><strong>haereas</strong></span> <span class='ocrx_word' id='word_1_243' title='bbox 959 1978 996 2014; x_wconf 92' lang='lat' dir='ltr'><strong>in</strong></span> <span class='ocrx_word' id='word_1_244' title='bbox 1025 1989 1070 2015; x_wconf 91' lang='lat' dir='ltr'><strong>eo</strong></span> <span class='ocrx_word' id='word_1_245' title='bbox 1100 1979 1198 2027; x_wconf 90' lang='lat' dir='ltr'><strong>quod</strong></span> <span class='ocrx_word' id='word_1_246' title='bbox 1234 1980 1320 2017; x_wconf 91' lang='lat' dir='ltr'><strong>huic</strong></span> <span class='ocrx_word' id='word_1_247' title='bbox 1348 1981 1433 2018; x_wconf 91' lang='lat' dir='ltr'><strong>voci</strong></span> <span class='ocrx_word' id='word_1_248' title='bbox 1458 1992 1528 2019; x_wconf 88' lang='lat' dir='ltr'><strong>nec</strong></span> 
     </span>
     <span class='ocr_line' id='line_1_29' title="bbox 193 2042 1525 2092; baseline 0.005 -13"><span class='ocrx_word' id='word_1_249' title='bbox 193 2043 445 2091; x_wconf 80' lang='lat' dir='ltr'><strong>praecinctum</strong></span> <span class='ocrx_word' id='word_1_250' title='bbox 473 2042 593 2091; x_wconf 87' lang='lat' dir='ltr'><strong>potius</strong></span> <span class='ocrx_word' id='word_1_251' title='bbox 620 2043 736 2080; x_wconf 88' lang='lat' dir='ltr'><strong>verbo</strong></span> <span class='ocrx_word' id='word_1_252' title='bbox 766 2047 822 2080; x_wconf 82' lang='lat' dir='ltr'><strong>est</strong></span> <span class='ocrx_word' id='word_1_253' title='bbox 840 2043 972 2081; x_wconf 89' lang='lat' dir='ltr'><strong>vocula</strong></span> <span class='ocrx_word' id='word_1_254' title='bbox 994 2044 1224 2092; x_wconf 87' lang='lat' dir='ltr'><strong>adnectatur,</strong></span> <span class='ocrx_word' id='word_1_255' title='bbox 1255 2046 1342 2083; x_wconf 87' lang='lat' dir='ltr'><strong>vide</strong></span> <span class='ocrx_word' id='word_1_256' title='bbox 1368 2046 1525 2085; x_wconf 89' lang='lat' dir='ltr'><strong>eundem</strong></span> 
     </span>
     <span class='ocr_line' id='line_1_30' title="bbox 196 2109 704 2157; baseline -0.002 -10"><span class='ocrx_word' id='word_1_257' title='bbox 196 2109 436 2147; x_wconf 86' lang='lat' dir='ltr'><strong>Ritschelium</strong></span> <span class='ocrx_word' id='word_1_258' title='bbox 465 2109 488 2146; x_wconf 92' lang='lat' dir='ltr'><strong>l.</strong></span> <span class='ocrx_word' id='word_1_259' title='bbox 508 2109 531 2148; x_wconf 93' lang='lat' dir='ltr'><strong>l.</strong></span> <span class='ocrx_word' id='word_1_260' title='bbox 548 2120 581 2157; x_wconf 90' lang='lat' dir='ltr'><strong>p.</strong></span> <span class='ocrx_word' id='word_1_261' title='bbox 600 2109 704 2146; x_wconf 91' lang='lat' dir='ltr'>CVII.</span> 
     </span>
    </p>
   </div>
   <div class='ocr_carea' id='block_1_4' title="bbox 195 2214 1531 2659">
    <p class='ocr_par' dir='ltr' id='par_1_4' title="bbox 314 2214 1525 2258">
     <span class='ocr_line' id='line_1_31' title="bbox 314 2214 1525 2258; baseline 0.006 -7"><span class='ocrx_word' id='word_1_262' title='bbox 314 2214 413 2253; x_wconf 91' lang='lat' dir='ltr'><strong>ldem</strong></span> <span class='ocrx_word' id='word_1_263' title='bbox 443 2215 584 2252; x_wconf 86' lang='lat' dir='ltr'><strong>institui</strong></span> <span class='ocrx_word' id='word_1_264' title='bbox 621 2216 659 2253; x_wconf 91' lang='lat' dir='ltr'><strong>in</strong></span> <span class='ocrx_word' id='word_1_265' title='bbox 698 2216 824 2254; x_wconf 90' lang='lat' dir='ltr'><strong>verbis</strong></span> <span class='ocrx_word' id='word_1_266' title='bbox 862 2217 1083 2256; x_wconf 88' lang='lat' dir='ltr'><strong>consonanti</strong></span> <span class='ocrx_word' id='word_1_267' title='bbox 1118 2218 1323 2257; x_wconf 82' lang='lat' dir='ltr'><strong>terminatis</strong></span> <span class='ocrx_word' id='word_1_268' title='bbox 1354 2219 1452 2258; x_wconf 84' lang='lat' dir='ltr'><strong>velut</strong></span> <span class='ocrx_word' id='word_1_269' title='bbox 1488 2220 1525 2258; x_wconf 92' lang='lat' dir='ltr'><strong>in</strong></span> 
     </span>
    </p>

    <p class='ocr_par' dir='ltr' id='par_1_5' title="bbox 195 2281 1525 2336">
     <span class='ocr_line' id='line_1_32' title="bbox 195 2281 1525 2336; baseline 0.004 -15"><span class='ocrx_word' id='word_1_270' title='bbox 195 2283 252 2321; x_wconf 89' lang='lat' dir='ltr'><strong>his</strong></span> <span class='ocrx_word' id='word_1_271' title='bbox 280 2293 375 2331; x_wconf 90' lang='lat' dir='ltr'><strong>quae</strong></span> <span class='ocrx_word' id='word_1_272' title='bbox 401 2281 439 2318; x_wconf 90' lang='lat' dir='ltr'><strong>in</strong></span> <span class='ocrx_word' id='word_1_273' title='bbox 468 2292 488 2318; x_wconf 91' lang='lat' dir='ltr'><strong>s</strong></span> <span class='ocrx_word' id='word_1_274' title='bbox 516 2281 675 2321; x_wconf 90' lang='lat' dir='ltr'><strong>litteram</strong></span> <span class='ocrx_word' id='word_1_275' title='bbox 701 2284 875 2322; x_wconf 89' lang='lat' dir='ltr'><strong>desinunt</strong></span> <span class='ocrx_word' id='word_1_276' title='bbox 899 2285 1034 2333; x_wconf 76' lang='lat' dir='ltr'><strong>datust,</strong></span> <span class='ocrx_word' id='word_1_277' title='bbox 1062 2286 1228 2335; x_wconf 85' lang='lat' dir='ltr'><strong>quamvis</strong></span> <span class='ocrx_word' id='word_1_278' title='bbox 1257 2287 1353 2336; x_wconf 86' lang='lat' dir='ltr'><strong>apud</strong></span> <span class='ocrx_word' id='word_1_279' title='bbox 1381 2287 1525 2327; x_wconf 86' lang='lat' dir='ltr'><strong>Festum</strong></span> 
     </span>
    </p>

    <p class='ocr_par' dir='ltr' id='par_1_6' title="bbox 196 2347 1524 2400">
     <span class='ocr_line' id='line_1_33' title="bbox 196 2347 1524 2400; baseline 0.005 -13"><span class='ocrx_word' id='word_1_280' title='bbox 196 2362 230 2399; x_wconf 92' lang='lat' dir='ltr'><strong>p.</strong></span> <span class='ocrx_word' id='word_1_281' title='bbox 251 2349 334 2396; x_wconf 86' lang='grc'>178,</span> <span class='ocrx_word' id='word_1_282' title='bbox 353 2348 408 2386; x_wconf 77' lang='lat'><strong>12.</strong></span> <span class='ocrx_word' id='word_1_283' title='bbox 421 2347 469 2386; x_wconf 92' lang='lat' dir='ltr'><strong>sit</strong></span> <span class='ocrx_word' id='word_1_284' title='bbox 495 2347 565 2386; x_wconf 79' lang='lat' dir='ltr'><strong>Hic</strong></span> <span class='ocrx_word' id='word_1_285' title='bbox 590 2360 748 2387; x_wconf 83' lang='lat' dir='ltr'><strong>occasus</strong></span> <span class='ocrx_word' id='word_1_286' title='bbox 775 2351 884 2389; x_wconf 76' lang='lat' dir='ltr'><strong>datus</strong></span> <span class='ocrx_word' id='word_1_287' title='bbox 905 2356 972 2400; x_wconf 85' lang='lat' dir='ltr'><strong>est,</strong></span> <span class='ocrx_word' id='word_1_288' title='bbox 999 2356 1039 2390; x_wconf 78' lang='lat' dir='ltr'><strong>at</strong></span> <span class='ocrx_word' id='word_1_289' title='bbox 1058 2350 1212 2391; x_wconf 76' lang='lat' dir='ltr'><strong>Gratius</strong></span> <span class='ocrx_word' id='word_1_290' title='bbox 1231 2352 1389 2391; x_wconf 80' lang='lat' dir='ltr'><strong>inclutus</strong></span> <span class='ocrx_word' id='word_1_291' title='bbox 1414 2354 1524 2393; x_wconf 64' lang='lat' dir='ltr'><strong>saltu.</strong></span> 
     </span>
    </p>

    <p class='ocr_par' dir='ltr' id='par_1_7' title="bbox 197 2414 1524 2468">
     <span class='ocr_line' id='line_1_34' title="bbox 197 2414 1524 2468; baseline 0.005 -15"><span class='ocrx_word' id='word_1_292' title='bbox 197 2417 229 2454; x_wconf 79' lang='lat' dir='ltr'><strong>is</strong></span> <span class='ocrx_word' id='word_1_293' title='bbox 269 2416 401 2454; x_wconf 77' lang='lat' dir='ltr'><strong>dictust</strong></span> <span class='ocrx_word' id='word_1_294' title='bbox 428 2414 511 2452; x_wconf 80' lang='lat' dir='ltr'><strong>ollis</strong></span> <span class='ocrx_word' id='word_1_295' title='bbox 534 2417 786 2464; x_wconf 73' lang='lat' dir='ltr'><strong>popularibus</strong></span> <span class='ocrx_word' id='word_1_296' title='bbox 814 2418 900 2457; x_wconf 80' lang='lat' dir='ltr'><strong>olim</strong></span> <span class='ocrx_word' id='word_1_297' title='bbox 935 2420 1030 2468; x_wconf 85' lang='lat' dir='ltr'><strong>apud</strong></span> <span class='ocrx_word' id='word_1_298' title='bbox 1071 2420 1292 2459; x_wconf 88' lang='lat' dir='ltr'><strong>Ciceronem</strong></span> <span class='ocrx_word' id='word_1_299' title='bbox 1332 2421 1370 2458; x_wconf 92' lang='lat' dir='ltr'><strong>in</strong></span> <span class='ocrx_word' id='word_1_300' title='bbox 1410 2421 1524 2460; x_wconf 87' lang='lat' dir='ltr'><strong>Bruto</strong></span> 
     </span>
    </p>

    <p class='ocr_par' dir='ltr' id='par_1_8' title="bbox 202 2480 1524 2537">
     <span class='ocr_line' id='line_1_35' title="bbox 202 2480 1524 2537; baseline 0.006 -19"><span class='ocrx_word' id='word_1_301' title='bbox 202 2484 259 2529; x_wconf 88' lang='grc'><strong>15,</strong></span> <span class='ocrx_word' id='word_1_302' title='bbox 277 2483 337 2521; x_wconf 85' lang='grc'><strong>57.</strong></span> <span class='ocrx_word' id='word_1_303' title='bbox 366 2485 403 2519; x_wconf 84' lang='lat' dir='ltr'><strong>et</strong></span> <span class='ocrx_word' id='word_1_304' title='bbox 417 2480 572 2520; x_wconf 89' lang='lat' dir='ltr'><strong>Gellium</strong></span> <span class='ocrx_word' id='word_1_305' title='bbox 602 2482 643 2519; x_wconf 93' lang='lat' dir='ltr'><strong>N.</strong></span> <span class='ocrx_word' id='word_1_306' title='bbox 661 2484 706 2522; x_wconf 83' lang='lat' dir='ltr'><strong>A.</strong></span> <span class='ocrx_word' id='word_1_307' title='bbox 722 2484 804 2533; x_wconf 85' lang='lat' dir='ltr'><strong>X11,</strong></span> <span class='ocrx_word' id='word_1_308' title='bbox 821 2486 857 2533; x_wconf 74' lang='lat'><strong>2,</strong></span> <span class='ocrx_word' id='word_1_309' title='bbox 873 2485 907 2524; x_wconf 91' lang='lat'><strong>3.</strong></span> <span class='ocrx_word' id='word_1_310' title='bbox 953 2486 1112 2524; x_wconf 89' lang='lat' dir='ltr'><strong>Tertium</strong></span> <span class='ocrx_word' id='word_1_311' title='bbox 1140 2486 1295 2525; x_wconf 88' lang='lat' dir='ltr'><strong>editoris</strong></span> <span class='ocrx_word' id='word_1_312' title='bbox 1321 2487 1524 2537; x_wconf 79' lang='lat' dir='ltr'><strong>Lipsiensis</strong></span> 
     </span>
    </p>

    <p class='ocr_par' dir='ltr' id='par_1_9' title="bbox 199 2548 1531 2659">
     <span class='ocr_line' id='line_1_36' title="bbox 199 2548 1531 2604; baseline 0.005 -18"><span class='ocrx_word' id='word_1_313' title='bbox 199 2549 395 2588; x_wconf 84' lang='lat' dir='ltr'><strong>temeritati</strong></span> <span class='ocrx_word' id='word_1_314' title='bbox 430 2548 586 2588; x_wconf 85' lang='lat' dir='ltr'><strong>debetur</strong></span> <span class='ocrx_word' id='word_1_315' title='bbox 613 2560 648 2599; x_wconf 94' lang='lat' dir='ltr'><strong>p.</strong></span> <span class='ocrx_word' id='word_1_316' title='bbox 681 2551 763 2589; x_wconf 79' lang='lat'>151.</span> <span class='ocrx_word' id='word_1_317' title='bbox 795 2551 975 2590; x_wconf 65' lang='lat' dir='ltr'><strong>Invictus!</strong></span> <span class='ocrx_word' id='word_1_318' title='bbox 1003 2553 1120 2602; x_wconf 79' lang='lat' dir='ltr'><strong>canis,</strong></span> <span class='ocrx_word' id='word_1_319' title='bbox 1149 2554 1210 2603; x_wconf 83' lang='lat' dir='ltr'><strong>qui</strong></span> <span class='ocrx_word' id='word_1_320' title='bbox 1234 2554 1383 2604; x_wconf 83' lang='lat' dir='ltr'><strong>quidem</strong></span> <span class='ocrx_word' id='word_1_321' title='bbox 1410 2554 1531 2593; x_wconf 77' lang='lat' dir='ltr'><strong>invic-</strong></span> 
     </span>
     <span class='ocr_line' id='line_1_37' title="bbox 1262 2621 1287 2659; baseline 0 0"><span class='ocrx_word' id='word_1_322' title='bbox 1262 2621 1287 2659; x_wconf 77' lang='lat'><em>2</em></span> 
     </span>
    </p>
   </div>
  </div>
 </body>
</html>
