1708 2956
764 136 992 178 „g-

207 247 351 285 latione
381 244 477 284 Petri
504 244 676 293 Victorii,
706 255 812 294 quem
840 245 1005 284 abfuisse
1031 246 1077 284 ab
1095 257 1139 283 ea
1157 256 1263 295 quam
1283 244 1396 284 hodie
1412 244 1542 294 posci-

210 323 291 351 mus
319 312 651 361 manuscriptorum
680 310 984 349 excutiendorum
1013 310 1206 360 diligentia
1236 322 1316 348 cum
1338 313 1542 348 consenta-

208 389 318 416 neum
348 379 457 417 suerit
482 388 550 428 pro
579 387 683 415 more
710 376 806 414 illius
835 376 979 421 aetatis,
1006 380 1080 413 tum
1101 375 1324 414 intellectum
1348 380 1404 414 est
1418 387 1537 426 nuper

210 444 257 482 ab
283 444 446 483 Henrico
473 442 594 482 Keilio
611 470 622 490 ,
663 443 723 491 qui
765 454 848 480 cum
876 441 975 480 bono
1010 442 1132 480 fructu
1157 446 1196 479 ut
1223 443 1389 492 comperi
1416 443 1538 482 denuo

207 509 307 546 illum
334 510 467 548 librum
493 509 745 558 pertractavit.
799 510 856 546 Ac
871 508 1121 546 Florentinum
1139 519 1285 557 quoque
1301 519 1410 547 nemo
1425 509 1541 559 igno-

204 578 263 612 rat
298 576 401 614 miris
445 574 566 613 modis
608 573 834 623 antiquitatis
871 573 961 612 vitio
1004 573 1285 613 dehonestatum
1314 586 1411 613 esse.
1466 575 1539 614 Sed

206 640 359 689 ingenio
388 640 427 676 in
453 640 527 677 hoc
556 649 671 688 opere
698 639 877 677 Varronis
909 643 946 677 et
971 642 1055 677 sunt
1087 638 1197 675 multa
1227 642 1382 691 egregie
1410 651 1541 678 emen-

205 705 291 743 data
329 708 365 742 et
402 708 556 753 possunt
592 715 670 743 non
707 715 825 754 pauca
853 709 910 744 sat
947 708 1050 743 certo
1092 704 1290 742 etiamnum
1331 706 1536 745 emendari.

203 771 311 809 Velut
337 782 469 809 versus
496 771 606 809 Ennii
633 772 945 821 corruptissimus,
962 781 1069 821 quem
1096 770 1173 818 Vll,
1196 771 1259 810 48.
1281 772 1327 810 Μ.
1353 772 1539 811 Florenti—

205 847 274 874 nus
300 837 350 875 ita
389 837 556 875 exhibuit
591 837 703 885 Apud
725 837 885 875 Ennium
898 851 909 873 .·
948 848 1114 885 quaeque
1152 838 1191 873 in
1226 848 1385 886 corpore
1421 850 1539 876 causa

205 903 351 940 ceruleo
372 903 448 951 selo
473 908 558 941 orta
586 915 681 942 nare
709 908 856 952 captat,
894 904 1103 942 certissima
1130 904 1220 942 mihi
1248 903 1461 943 coniectura
1492 904 1538 942 ab

206 969 398 1008 Odofredo
433 970 588 1009 Mullero
627 971 817 1009 restitutus
853 969 1000 1008 videtur
1041 972 1079 1007 in
1115 971 1213 1007 hunc
1241 971 1389 1008 modum
1441 981 1536 1017 quae

204 1044 302 1072 cava
329 1046 487 1083 corpore
514 1036 684 1073 caeruleo
712 1034 857 1073 cortina
880 1038 1058 1083 receptat.
1112 1034 1256 1073 Etenim
1280 1046 1302 1072 a
1327 1045 1425 1073 cava
1448 1046 1539 1073 cor-

207 1101 285 1140 tina
301 1102 498 1141 vocabulis
516 1102 632 1152 ipsius
652 1102 850 1150 Varronis,
873 1113 981 1152 quam
997 1102 1124 1141 versui
1149 1102 1318 1151 subiecit,
1338 1102 1536 1151 explicatio

206 1168 361 1206 orditur.
414 1169 460 1206 Ut
484 1169 578 1207 haec
607 1169 723 1205 verba
750 1168 918 1205 Enniana
943 1178 1028 1205 esse
1045 1172 1230 1216 appareat.
1276 1169 1350 1206 Sed
1366 1170 1403 1205 in
1419 1179 1537 1216 quao-

205 1244 276 1282 qua
298 1234 336 1271 in
362 1235 478 1274 latere
506 1245 602 1284 quae
628 1245 725 1272 cava
750 1245 888 1272 vereor
914 1237 953 1271 ut
977 1234 1152 1273 Millerus
1187 1234 1247 1272 vel
1286 1233 1341 1272 eis
1376 1245 1534 1282 persua-

207 1301 306 1349 deat,
337 1302 398 1350 qui
427 1311 504 1338 non
530 1300 640 1338 anxie
668 1299 814 1349 singula
841 1309 1009 1348 quaeque
1035 1299 1074 1335 in
1105 1298 1170 1336 tali
1195 1309 1237 1337 re
1259 1298 1428 1338 rimanda
1454 1299 1538 1337 exi-

206 1366 366 1406 stiment.
417 1367 496 1418 Nec
531 1369 655 1405 tamen
688 1365 828 1404 corruit
864 1365 938 1404 hoc
965 1366 1117 1405 nomine
1141 1366 1380 1414 coniectura3
1424 1366 1536 1405 immo

209 1438 366 1483 augetur
392 1433 662 1471 emendationis
698 1432 965 1481 probabilitas,
1001 1432 1112 1470 modo
1151 1432 1360 1481 corruptela
1397 1432 1537 1470 rectius

207 1499 422 1549 explicetur.
475 1498 615 1546 Nempe
642 1507 759 1534 causa
784 1508 1000 1546 perversum
1031 1501 1087 1535 est
1114 1509 1161 1535 ex
1184 1508 1293 1545 caua,
1311 1501 1350 1535 ut
1373 1497 1411 1535 in
1427 1498 1537 1536 Ennii

208 1576 320 1604 versu
349 1565 445 1614 apud
470 1565 616 1603 Festum
640 1574 675 1612 p.
690 1563 779 1611 343,
796 1563 857 1601 31.
878 1564 924 1601 M.
937 1576 948 1611 ;
977 1574 1084 1613 quam
1107 1575 1238 1602 vocem
1263 1563 1355 1602 sede
1375 1564 1538 1602 cessisse

209 1643 281 1669 nec
307 1630 436 1669 hercle
466 1629 619 1668 difficile
643 1633 700 1667 est
725 1640 797 1667 nec
823 1629 1013 1679 singulare
1021 1643 1032 1677 ;
1059 1639 1225 1678 quaeque
1250 1630 1288 1666 in
1314 1634 1435 1668 autem
1461 1632 1537 1669 non

208 1698 345 1735 distant
371 1698 417 1734 ab
444 1697 502 1734 his
528 1706 625 1744 quae
647 1706 765 1744 quem,
795 1707 889 1745 quae
916 1700 972 1734 est
998 1707 1067 1744 que
1093 1696 1251 1734 voculae
1275 1695 1538 1747 dittographia.

210 1763 317 1808 Quod
345 1774 465 1813 genus
494 1763 729 1812 corruptelae
753 1774 826 1800 nec
850 1774 974 1801 rarum
1013 1763 1100 1800 alibi
1137 1766 1193 1801 est
1229 1766 1265 1800 et
1303 1762 1540 1802 confirmatur

209 1830 427 1868 certissimis
455 1829 674 1877 quibusdam
701 1829 816 1877 ipsius
845 1829 1025 1866 Varronis
1054 1829 1231 1876 exemplis
1253 1840 1273 1866 a
1290 1828 1443 1867 Mullero
1464 1839 1539 1867 no-

209 1896 294 1934 tatis
320 1896 562 1945 praefationis
581 1907 615 1944 p.
633 1895 762 1934 XXIV.
802 1896 906 1940 Quae
933 1895 1081 1945 quidem
1104 1894 1270 1943 exempla
1291 1895 1338 1932 ad
1360 1895 1540 1934 relativo-

211 1974 292 2002 rum
330 1954 469 2001 tantum
495 1966 533 2000 et
570 1962 874 2000 coniunctionum
902 1963 1042 2000 formas
1066 1962 1262 2010 pertinent.
1316 1962 1390 1999 Sed
1430 1962 1537 2000 latius

207 2027 303 2077 apud
329 2028 534 2066 Varronem
562 2027 651 2066 illud
680 2028 853 2066 mendum
869 2027 1053 2076 serpsisse
1070 2037 1144 2065 uno
1165 2027 1333 2076 exemplo
1356 2028 1537 2077 probabo,

208 2104 284 2131 non
312 2094 359 2131 ob
383 2105 464 2131 rem
492 2094 610 2141 ipsam
637 2104 732 2142 quae
757 2093 961 2131 levidensis
990 2097 1058 2140 est,
1087 2092 1155 2130 sed
1172 2097 1211 2130 ut
1234 2093 1305 2130 hac
1321 2095 1539 2142 opportuni—

209 2162 283 2197 tate
310 2159 503 2198 emendem
532 2160 565 2197 si
593 2162 722 2208 potero
753 2158 862 2197 Ennii
889 2170 1049 2197 versum.
1104 2159 1248 2198 Etenim
1273 2159 1361 2208 Vll,
1399 2160 1461 2199 26.
1488 2161 1537 2199 M.

208 2225 303 2262 haec
339 2225 512 2273 leguntur
550 2236 632 2262 mus
659 2237 705 2262 ac
735 2236 829 2273 quas
856 2229 1060 2262 memorant
1101 2236 1213 2263 nosce
1238 2237 1307 2263 nos
1333 2237 1415 2263 esse
1442 2226 1540 2264 Caa-
1572 2215 1578 2227 ¹

212 2302 402 2329 menarum
443 2291 708 2337 (Camenarum
742 2291 995 2339 Florentinus)
1032 2291 1198 2340 priscum
1235 2293 1453 2331 vocabulum
1488 2293 1541 2332 ita

208 2363 333 2397 natum
359 2370 405 2395 ac
430 2358 609 2406 scriptum
635 2363 690 2396 est
702 2371 715 2402 ,·
744 2358 835 2396 alibi
859 2359 1064 2396 Carmenae
1080 2359 1127 2396 ab
1146 2358 1270 2397 eadent
1293 2361 1434 2409 origine
1454 2366 1541 2398 sunt

207 2425 421 2463 declinatae.
476 2425 617 2463 Partem
652 2436 784 2464 versus
813 2426 972 2463 Enniani
1012 2426 1178 2472 (videtur
1215 2428 1313 2465 enim
1349 2427 1538 2466 Ennianus

209 2497 315 2541 esse)
352 2493 483 2530 lacuna
514 2493 720 2541 absorpsit,
749 2496 831 2530 orta
867 2496 906 2529 ut
945 2497 1097 2541 apparet
1138 2505 1184 2530 ex
1222 2494 1537 2542 homoeoteleuto,

208 2558 472 2642 quodlvfflnt
496 2558 744 2609 grammatici,
771 2569 844 2607 quo
870 2558 960 2596 nihil
991 2562 1048 2596 est
1076 2559 1113 2595 in
1141 2558 1199 2596 his
1220 2559 1333 2616 *libris
1362 2560 1539 2610 frequen-
